2992 5004
201 313 265 379 286
488 330 750 381 raonncounnu
773 331 819 378 nn
843 330 1055 381 aaaronmvs

201 473 252 537 vel
283 474 337 558 qui
360 472 532 539 dissentiat
554 476 595 540 ab
620 476 687 540 aius
710 476 892 541 rationibus
916 478 1064 542 accurate
1088 496 1143 541 eas
1170 479 1346 561 cognoscat

202 583 358 664 oporteat.
411 580 534 647 Eorum
573 587 681 648 autem
719 605 800 668 quae
832 583 866 648 in
898 582 1142 668 Prolegomenis
1175 583 1346 667 proposuit

201 687 278 770 quid
309 687 465 757 retineret
502 687 699 754 Ritschelius
736 693 943 774 respueretve
975 689 1131 755 facillime
1168 713 1207 755 ex
1243 690 1348 756 altera

201 792 382 858 Trinummi
410 795 552 860 editione
581 795 721 880 perspici
744 800 887 881 poterat3
919 798 992 862 inde
1016 797 1118 881 igitur
1140 819 1223 883 quae
1247 797 1346 882 paulo

202 900 372 967 molestius
400 902 583 987 colliganda
610 906 704 967 erant
731 904 797 968 iam
826 903 906 988 ipsis
930 904 1173 989 Prolegomenis
1196 904 1347 971 adhibui·

201 1029 273 1071 mus
301 1030 365 1073 una
392 1030 465 1073 cum
489 1009 605 1074 ceteris
629 1031 711 1095 quae
735 1011 1018 1077 commemoranda
1041 1015 1156 1077 essent
1203 1011 1274 1088 Quo
1298 1013 1347 1076 in·

147 1190 150 1195 ⁴
202 1115 317 1180 stituto
350 1138 516 1199 speramus
549 1116 618 1180 fore
641 1121 679 1181 ut
705 1117 828 1182 tirones
857 1119 996 1183 maxime
1024 1118 1216 1184 adiuventur
1240 1119 1274 1184 in
1298 1119 1347 1184 in·

202 1221 360 1306 dagandis
382 1222 467 1287 veris
491 1223 672 1288 rationibus
697 1223 933 1289 emendationis
956 1224 1134 1291 Plautinae.

876 1331 1089 1399 Farnscrcvs
1114 1332 1301 1413 Scironia]

694 1651 805 1700 curva
832 1633 857 1700 I.

141 1784 189 1824 v11
291 1758 319 1823 n
352 1757 512 1824 Plautinis
545 1759 707 1824 codicibus
741 1759 965 1824 Trinummum
1001 1761 1187 1825 tenentibus
1218 1760 1346 1826 circiter

201 1866 348 1951 triginta,
370 1888 450 1950 quos
473 1887 530 1950 per
544 1865 675 1931 Italicas
698 1867 904 1950 potissimum
927 1866 1155 1950 bybliothecas
1179 1867 1343 1953 dispersos

202 1974 253 2038 vel
276 1974 402 2058 inspexi
425 1974 475 2037 vel
500 1973 639 2058 excussi,
671 1973 731 2038 hos
759 1973 865 2059 delegi
888 1974 1004 2059 quibus
1029 1974 1069 2038 ad
1092 1973 1177 2038 hano
1199 1974 1345 2039 fabulam

202 2081 435 2145 emendandam
464 2084 585 2164 uterer,
612 2080 810 2165 reliquorum
838 2080 986 2164 exempla
1012 2101 1069 2164 per
1092 2080 1229 2145 aliarum
1252 2081 1346 2145 fabu-

201 2187 306 2252 larum
325 2189 602 2271 opportunitatem
621 2191 884 2271 cxprompturus:
906 2184 936 2251 A
959 2186 1211 2252 Ambrosianum
1230 2187 1346 2271 palim-

201 2298 357 2378 psestum,
380 2292 411 2358 B
431 2292 615 2359 ‘Veterem’
634 2293 775 2359 codicem
794 2291 983 2379 camerarii,
1007 2291 1031 2360 0
1052 2294 1196 2360 ciusdem
1211 2292 1346 2358 ‘Decur-

201 2399 334 2484 tatum’‚
369 2398 401 2464 l)
431 2400 625 2466 Vaticanum
653 2399 880 2485 Vrsinianum,
916 2398 944 2465 Ε
979 2423 1087 2466 meum
1119 2400 1279 2486 quendam
1312 2402 1346 2466 in

200 2506 336 2572 Etruria
359 2510 513 2591 emptum,
535 2505 564 2571 P
588 2506 797 2592 Lipsiensem,
821 2504 851 2572 G
874 2506 909 2572 ll
932 2505 966 2571 K
989 2507 1177 2574 Vaticanos.
1223 2507 1346 2584 Quibus

201 2613 325 2679 accedit
356 2612 380 2677 Z
412 2613 511 2679 editio
542 2614 700 2698 princeps.
746 2611 794 2678 Dc
824 2614 876 2679 his
906 2615 998 2679 libris
1030 2615 1172 2680 omnium
1205 2615 1346 2699 primum

201 2721 293 2786 video
317 2721 398 2786 mihi
421 2721 613 2807 singillatim
637 2720 806 2785 dicendum
830 2743 910 2786 esse.

289 2826 319 2893 A
342 2828 551 2894 Membranae
575 2828 854 2912 palimpsestae
877 2827 1106 2912 bybliothecae
1122 2813 1345 2893 Ambrosia·

200 2958 283 3021 nae,
305 2936 370 3001 huo
393 2936 512 3002 sacculi
536 2933 632 3000 XVII
655 2935 750 3000 initio
774 2935 908 3020 delatae,
932 2939 968 2999 ut
991 2935 1131 3000 Ancum
1153 2933 1224 3000 Mal
1246 2934 1347 3019 praef.

201 3044 235 3108 in
254 3042 365 3108 Iliadis
385 3042 501 3129 fragm.
520 3065 549 3126 p.
560 3041 607 3107 IV
626 3043 814 3108 testimonio
834 3045 971 3126 constat,
994 3064 1032 3106 ex
1051 3041 1171 3107 illustri
1194 3041 1252 3107 illo
1276 3063 1346 3108 coe·

200 3151 299 3216 nobio
323 3147 353 3215 S.
373 3148 568 3216 Columbani
587 3148 749 3235 Bobiensi‚
773 3150 864 3215 cuius
888 3153 1037 3215 accurate
1061 3148 1274 3233 perscriptam
1296 3148 1345 3213 hi-

202 3257 336 3322 storiam
360 3256 523 3322 Amedeus
545 3256 676 3340 Peyron
699 3255 864 3323 Ciceronis
892 3256 1077 3322 orationum
1105 3255 1296 3339 fragmentis
1325 3276 1345 3318 a

201 3368 304 3429 semet
322 3363 417 3428 editis
436 3364 618 3447 praemisit:
640 3363 676 3428 in
695 3362 913 3429 Ambrosiaua
936 3363 1145 3446 bybliotheca
1168 3362 1209 3428 ab
1232 3361 1345 3426 eodem

200 3471 296 3537 Malo
324 3472 470 3553 repertae
499 3472 532 3533 et
562 3469 671 3553 aliqua
699 3491 737 3533 cx
760 3473 853 3553 parte
877 3469 1056 3553 descriptae
1079 3470 1163 3535 libro
1187 3467 1345 3554 singulari

200 3577 377 3643 Mediolani
404 3597 490 3641 anno
517 3575 615 3640 huius
644 3575 765 3640 saeculi
793 3575 856 3641 XV
885 3576 1005 3641 emisso
1034 3573 1093 3640 ‘M.
1115 3574 1207 3642 Accii
1235 3575 1345 3642 Plauti

200 3685 384 3770 fragmenta
406 3681 544 3748 inedita'
570 3705 596 3748 a.
619 3704 649 3766 q.
673 3705 710 3748 s.:
744 3683 848 3748 denuo
873 3705 892 3748 a
915 3705 967 3748 mc
990 3686 1208 3767 pertractatae
1232 3686 1265 3748 et
1287 3682 1346 3749 ali·

126 3815 186 3856 rm
200 3797 321 3879 quanto
344 3792 470 3876 plenius
494 3789 673 3874 descriptae
696 3790 731 3856 in
754 3790 894 3873 epistula
916 3789 1152 3856 Mediolanensi
1177 3788 1217 3854 ad
1240 3787 1346 3854 Godo-

200 3900 327 3967 fredum
345 3897 569 3963 Hermannum
593 3894 678 3981 data,
702 3919 783 3981 quae
806 3896 841 3962 in
860 3895 994 3961 Diumis
1018 3895 1209 3982 antiquariis
1229 3892 1346 3960 Darm-

201 4006 418 4073 stadiensibus
442 4005 517 4069 anni
540 4020 821 4072 clolocccxxxvn
844 4027 875 4089 p.
896 4003 958 4069 737
976 4025 1045 4089 sqq.
1066 4005 1122 4085 [=
1137 4001 1253 4086 Opusc.
1267 4002 1347 4086 phil.

200 4106 232 4179 Il
256 4137 286 4198 p.
312 4112 374 4177 166
389 4114 471 4196 sqq]
496 4111 623 4197 legitur.
672 4111 848 4176 Pristinam
872 4110 992 4176 codicis
1016 4110 1224 4194 scripturam,
1248 4130 1346 4194 quam

200 4220 302 4285 nimia
323 4219 522 4284 liberalitate
551 4218 591 4284 ad
615 4217 855 4284 Antoninorum
883 4221 1022 4284 aetatem
1045 4217 1153 4283 Maius
1176 4216 1346 4302 referebat,

200 4327 320 4391 rectius
344 4325 540 4390 Niebuhrius
564 4323 681 4410 Opuso.
703 4326 780 4390 hist.
804 4330 837 4390 et
859 4326 937 4411 phil.
960 4325 976 4390 I
998 4347 1029 4408 p.
1046 4325 1109 4390 174
1133 4324 1253 4390 saeculi
1276 4345 1347 4389 csse

201 4433 305 4519 quinti
329 4430 424 4517 dixit,
452 4436 604 4516 potuerat
627 4432 766 4497 fortasse
790 4432 911 4518 quarti:
943 4431 1144 4497 simillimam
1167 4453 1239 4496 eam
1263 4431 1345 4496 auti·
