2992 5004
430 368 693 417 nununn'uoura
717 369 924 417 parvumne.
1183 354 1249 419 343

104 512 323 578 accusativum
352 512 489 593 probare
499 509 544 598 *):
577 534 674 596 quarn
696 511 837 577 formam
861 515 894 577 et
917 513 1016 595 ratio,
1049 514 1188 598 quaein
1212 535 1249 578 eo

104 641 220 705 genere
243 620 394 684 universo
418 623 550 703 regnat,
578 622 689 684 tuetur
711 624 745 684 et
766 620 831 684 nisi
854 619 956 685 fallor·
975 618 1116 686 Charisii
1140 625 1249 687 aucto-

103 727 185 792 ritas
207 728 325 792 firmat.
357 725 444 791 Nam
468 749 541 792 cum
560 725 690 792 Calclm
713 726 898 811 genetivum
921 726 1173 811 Plautinumque
1196 729 1249 793 ab·

102 834 240 899 lativum
254 833 369 902 Calcha
388 840 422 901 et
440 834 561 899 similia
584 856 657 899 eum
681 834 739 898 illo
763 833 950 900 Priscianus
965 833 1013 899 VI
1031 856 1061 917 p.
1073 834 1137 898 702
1161 836 1249 920 [239,

106 943 147 1006 10
161 941 215 1023 Η.]
240 946 273 1007 et
296 942 421 1007 Probus
445 941 591 1006 Putschii
613 964 643 1024 p.
657 940 740 1005 1467
767 941 833 1024 [24,
849 942 891 1004 14
905 939 957 1021 Κ]
981 943 1149 1026 testentur,
1173 944 1249 1027 quid

103 1050 234 1114 tandem
264 1071 334 1114 esse
362 1049 505 1114 dicamus
534 1048 619 1132 quod
646 1047 698 1112 his
723 1047 941 1112 dissimillima
964 1047 1082 1130 forma,
1113 1053 1249 1135 atquae

103 1157 221 1221 veteris
245 1162 341 1242 atque
361 1157 513 1241 antiquae
531 1155 707 1220 latinitatis
726 1155 867 1239 speciem
886 1154 1097 1220 domesticam
1116 1157 1249 1222 minime

103 1262 232 1345 habeat,
246 1262 383 1329 Calchan
396 1264 551 1328 miscetur
566 1259 706 1327 Charisii
721 1262 767 1326 l.I
782 1262 863 1346 pso
874 1261 1050 1345 [66,22Κ.]
1062 1262 1114 1328 his
1129 1266 1248 1329 verbis:

104 1369 335 1436 ‘Inueniuntur
356 1374 467 1436 tamen
490 1370 648 1454 quaedam
665 1371 839 1454 peregrina
857 1391 939 1455 quae
959 1392 1032 1434 cum
1051 1371 1248 1437 incremento

104 1476 248 1560 syllabae
272 1476 487 1562 declinantur,
511 1480 548 1541 ut
571 1474 708 1541 Calchas
733 1476 842 1542 Pallas
866 1476 963 1541 Atlas
987 1476 1101 1564 Gigas:
1124 1479 1250 1544 faciunt

102 1583 188 1647 enim
202 1580 391 1649 Calchantis
406 1582 564 1648 Pallantis
580 1581 756 1670 (Atlantis)
770 1581 934 1668 Gigantia:
954 1584 1102 1668 quamuis
1122 1587 1249 1672 antiqui

101 1694 139 1754 ut
162 1690 322 1756 Pacuuius
345 1695 378 1756 et
400 1691 537 1756 Plautus
561 1689 697 1755 Calchan
721 1690 843 1775 dicant,
866 1712 931 1757 non
955 1689 1248 1781 Calchantem.'**)

103 1796 218 1882 Apage
246 1798 495 1863 declinationem
525 1819 545 1862 a
573 1797 749 1862 Pacuviani
779 1795 985 1882 Plautinique
1014 1800 1172 1864 sermonis
1201 1801 1247 1866 in·

102 1904 175 1969 dole
198 1927 264 1970 uon
283 1906 390 1970 minus
410 1927 507 1990 quam
527 1904 720 1989 graecanica
734 1904 937 1988 Pythoponan
950 1891 1079 1970 Aenean
1098 1907 1249 1992 alienam,

96 2013 263 2097 ‚uniusque
286 2012 425 2078 lineolae
450 2012 632 2076 accessione
657 2011 855 2076 confidenter
877 2033 996 2096 repone
1010 2011 1247 2080 Culcham.—

101 2118 249 2206 Denique
278 2120 462 2186 vocativum
490 2117 607 2183 talium
635 2117 818 2202 nominum,
851 2119 946 2203 quale
978 2124 1028 2185 est
1056 2120 1248 2203 Charmides,

100 2229 218 2312 negavi
242 2227 282 2293 ad
306 2228 409 2293 nola
434 2220 467 2303 iri
491 2247 506 2290 c
529 2226 616 2290 exire
640 2224 725 2309 apud
748 2225 910 2291 Plautum.
944 2225 1043 2292 Cuius
1067 2230 1248 2295 sententiae

102 2357 251 2400 caussam
282 2336 387 2401 habeo
411 2334 716 2419 locupletissimam,
749 2333 835 2419 quod
860 2335 1009 2418 exempla
1030 2357 1097 2400 non
1120 2342 1250 2402 exstant

102 2442 190 2507 illius
220 2442 461 2526 declinationis,
494 2442 549 2508 sed
578 2441 841 2506 constantissimo
865 2447 995 2524 praeter
1017 2466 1130 2508 uuum
1154 2443 1247 2508 illum

103 2571 232 2615 versum
260 2572 321 2614 usu
350 2549 535 2615 Charmides
565 2548 706 2614 Callicles
732 2548 949 2632 Megaronides
971 2550 1118 2634 Lysiteles
1141 2551 1247 2617 Philo·

102 2656 201 2722 laches
219 2657 385 2739 Apoecides
402 2654 635 2742 Plena'des***)
653 2655 873 2738 Stratophanes
895 2656 1134 2740 Stralhippoclac
1157 2655 1247 2742 (nam

102 2762 421 2846 interaspirationem
436 2765 468 2828 A
487 2762 670 2849 expressit),
695 2766 727 2827 et
746 2763 773 2826 si
792 2785 876 2847 quae
895 2769 971 2828 sunt
994 2764 1124 2846 similia,
1147 2765 1246 2830 etiam

102 2869 337 2954 provocativis
357 2875 440 2934 suut.
478 2869 629 2954 Oppones
652 2869 893 2953 frequentatum
916 2871 951 2935 iu
974 2869 1080 2936 Milite
1104 2871 1246 2957 glorioso
1257 2889 1407 2929 hxxxvffl

102 2976 367 3059 Pcrnplcclomcnc‚
399 2976 496 3061 idque
524 2976 603 3041 adeo
627 2976 718 3039 iuxta
740 2976 849 3059 posito
873 2975 1032 3042 Pleusicles
1054 2976 1114 3061 III,
1141 2980 1168 3061 l,
1195 2979 1247 3043 16:

155 3117 323 3184 Euocabo:
345 3117 426 3183 heus
451 3118 726 3203 Periplectomene
750 3122 783 3182 et
806 3117 980 3203 Pleusides,
1004 3120 1246 3205 progredimini.

102 3261 148 3325 At
171 3283 209 3326 ea
230 3261 303 3345 ipsa
327 3261 464 3327 societas
493 3280 611 3345 augere
639 3261 854 3345 suspitionem
878 3266 911 3326 et
933 3285 1064 3328 monere
1087 3263 1126 3328 de
1143 3286 1246 3329 naevo

103 3370 249 3435 debebat.
294 3365 370 3433 Non
402 3369 510 3453 magis
543 3369 629 3435 enim
663 3392 682 3433 a
714 3369 915 3434 nominativo
948 3370 983 3434 in
1009 3392 1040 3436 cs
1070 3371 1245 3436 terminato

104 3477 224 3542 lactum
247 3476 502 3559 Periplechnncne
530 3499 628 3562 quam
649 3476 789 3561 Eutyche
815 3477 849 3540 in
873 3475 1066 3561 Mercatore,
1096 3477 1180 3560 quod
1204 3478 1246 3542 ab

102 3584 261 3666 Erclnchns
296 3583 432 3647 ducitur.
483 3583 529 3647 At
566 3606 642 3649 vero
674 3582 949 3666 Periplectomenus
984 3585 1110 3648 ratione
1148 3588 1246 3649 caret.

102 3689 199 3756 Caret
222 3712 312 3755 vero:
337 3689 556 3775 quaerendum
580 3692 682 3775 igitur
704 3691 789 3775 quod
809 3699 968 3776 congruat
986 3691 1114 3757 rationi.
1145 3690 1246 3756 Recte

103 3801 212 3862 autem
241 3820 275 3861 se
303 3797 424 3862 habere
452 3797 515 3862 duo
545 3798 616 3862 sola
638 3801 789 3882 possunt,
822 3806 879 3863 aut
908 3820 928 3862 a
955 3797 1246 3878 περιπληττόμενο(

103 3904 226 3968 factum
240 3903 513 3986 Periplectomenus
528 3907 585 3968 aut
598 3927 617 3968 a
632 3904 903 3983 περιπλεκόμενος
915 3899 1245 3988 Periplccomenns.

103 4010 179 4076 Non
202 4011 350 4096 ambiges
374 4010 501 4094 opinor,
534 4015 642 4074 utrum
673 4012 713 4075 ad
742 4012 847 4094 ipsam
870 4011 1013 4076 indolem
1036 4012 1135 4095 lepidi
1160 4012 1245 4075 senis

102 4139 173 4182 esse
201 4117 309 4201 aptius
338 4116 434 4182 dicas.
479 4116 774 4184 Ratiocinationem
803 4121 912 4181 autem
940 4121 1086 4182 nostram
1115 4139 1179 4182 una
1208 4139 1246 4181 ex

209 4310 236 4378 ¹¹²)
255 4308 311 4380 [cf.
331 4310 431 4379 Opusc.
451 4309 518 4380 phil.
539 4309 565 4363 II
583 4329 609 4380 p.
630 4316 694 4374 4913
723 4309 814 4364 Τι’ἰιι.1
832 4309 918 4379 praef.
938 4329 965 4380 p.
984 4312 1080 4382 axin]

191 4396 234 4467 **)
254 4397 306 4469 [Cf.
327 4399 426 4469 Opusc.
446 4397 515 4469 phil.
535 4400 560 4453 ΙΙ
579 4418 605 4469 p.
626 4402 676 4452 487
697 4398 773 4466 adn.;
793 4396 884 4454 Trin.²
901 4399 987 4469 prael.
1007 4418 1034 4470 p.
1054 4400 1173 4472 cmm]

174 4485 229 4555 m)
249 4486 349 4559 [lmmo
371 4489 531 4557 Phasiaca
551 4489 583 4544 ci.
606 4488 706 4561 Opusc.
725 4488 792 4560 phil
811 4488 850 4544 ΙΙΙ
870 4507 897 4560 p.
917 4489 991 4562 επ]
