2986 5010
248 296 313 359 432
536 313 795 362 raonuconunn
820 314 866 359 nn
892 311 1101 359 sarroursvs

247 462 279 520 et
308 455 479 520 Plautinae
508 458 598 542 artis,
626 459 717 523 cuius
746 463 872 524 tantam
900 459 933 522 in
962 455 1097 543 reliquis
1125 455 1274 539 partibus
1305 475 1397 518 sena-

247 563 370 635 riorum
399 566 718 651 septenariorumque
747 566 986 631 condendorum
1017 564 1167 629 omnibus
1198 561 1396 645 elegantiam

247 672 362 735 merito
396 671 616 737 admiramur?
662 673 731 736 Aut
762 672 823 736 hoc
855 678 1101 757 praeposterum
1135 675 1167 734 01
1200 668 1399 750 incredibile,

247 783 304 842 aut
331 778 422 843 nihil.
467 779 537 844 Nec
567 801 641 843 vero
671 779 799 843 diversa
826 779 910 844 ratio
942 784 991 844 est
1022 800 1132 843 eorum
1164 776 1399 860 exemplorum,

247 886 281 949 in
305 888 422 970 quibus
443 889 531 953 vocis
554 887 765 952 intervallum
788 887 949 972 quoddam
973 909 1039 952 non
1063 909 1080 949 c
1104 884 1357 966 sententia,'sed
1382 906 1398 947 e

248 995 418 1059 numeris
449 1000 561 1079 aptum
593 999 650 1058 001.
704 994 816 1079 Longe
848 995 1079 1058 creberrimum
1109 1013 1179 1056 esse
1206 991 1336 1054 hiatum
1366 992 1400 1054 in

247 1102 362 1166 mediis
392 1103 589 1167 tetrametris
617 1101 766 1186 iambicis
795 1106 935 1166 constat:
963 1123 1029 1165 non
1056 1121 1167 1164 rarum
1194 1096 1228 1161 in
1260 1120 1400 1181 anapae-

248 1209 338 1273 sticis
364 1211 568 1294 creticisque:
591 1231 649 1273 nec
674 1209 810 1274 eundern
831 1233 851 1274 a
869 1209 1006 1272 mediis
1030 1204 1245 1272 trochaicis
1270 1211 1401 1288 septe·

136 1346 232 1386 exem
247 1316 371 1380 uariis
396 1317 476 1379 artis
500 1318 698 1382 consuetudo
723 1316 865 1381 exclusit.
907 1314 1030 1379 Verum
1053 1313 1106 1377 hic
1130 1335 1194 1396 qua
1218 1334 1295 1377 eum
1320 1315 1400 1376 tenr-
1478 1329 1483 1340 ·

247 1422 395 1505 perantia
425 1422 604 1506 admiserit,
634 1423 738 1487 multo
770 1423 873 1487 etiam«
901 1421 1106 1486 manifestius
1135 1420 1267 1504 similis,
1299 1442 1399 1504 quam

247 1552 311 1613 qua
340 1552 439 1614 supra
467 1532 651 1614 utebamur,
681 1532 881 1615 computatio
910 1552 1060 1595 versuum
1089 1528 1240 1593 ostendit.
1288 1526 1400 1612 Septe-

246 1638 355 1701 narios
376 1638 462 1702 enim
481 1638 663 1702 trochaicos
683 1659 756 1701 curn
776 1637 983 1701 Trinummus
1003 1639 1075 1721 plus
1096 1637 1294 1721 quingentos
1314 1657 1402 1699 com-

247 1746 416 1829 plectatur,
451 1746 600 1829 quotiens
634 1745 665 1808 in
699 1749 793 1809 tanta
824 1744 1032 1809 multitudine
1065 1748 1195 1828 poetam
1224 1748 1325 1828 putas
1355 1766 1401 1827 ea,

247 1874 311 1935 qua
340 1852 460 1916 licebat
492 1854 544 1915 sat
576 1874 689 1935 saepe,
722 1852 871 1916 libertate
904 1874 1018 1936 reapse
1050 1874 1145 1916 usum
1179 1851 1274 1915 esse?
1322 1850 1400 1914 Tria

248 1959 311 2023 huc
335 1959 483 2043 exempla
515 1981 532 2022 e
566 1980 663 2042 supra
696 1958 806 2022 allatis
839 1958 957 2022 referre
989 1958 1110 2042 poteris
1143 1981 1171 2021 v.
1203 1958 1279 2022 907.
1314 1957 1400 2022 1059

249 2066 302 2147 [01.
331 2089 361 2150 p.
391 2068 480 2147 4271
517 2067 599 2130 1011
632 2066 684 2146 [01.
712 2089 742 2149 p.
771 2067 866 2146 128]:
899 2088 1037 2150 quorum
1068 2065 1223 2150 ambigua
1255 2066 1305 2156 vis
1340 2071 1400 2147 est,

248 2172 402 2255 quoniam
433 2195 505 2237 cum
537 2157 746 2236 numerorum
778 2195 880 2255 pausa
917 2173 1088 2236 coniuncta
1125 2177 1205 2254 est,
1226 2194 1292 2256 qua
1331 2173 1402 2237 sola

248 2280 328 2342 satis
361 2279 543 2344 defenditur
575 2280 699 2363 hiatus,
731 2280 889 2344 orationis
922 2280 1059 2344 institio.
1104 2262 1239 2344 Praeter
1270 2280 1334 2344 illa
1366 2282 1400 2344 in

248 2390 318 2449 tota
345 2385 457 2451 fabula
486 2409 550 2452 non
579 2389 688 2472 plures
717 2411 813 2472 quam
842 2409 897 2452 sex
925 2391 1088 2472 septemve
1116 2408 1228 2451 versus
1260 2392 1401 2468 exstant,

248 2493 440 2575 inquorum
465 2517 598 2559 caesura
627 2495 752 2559 hiatum
782 2495 896 2579 scripti
923 2494 998 2559 libri
1026 2498 1188 2560 testentur
1212 2493 1264 2557 vel
1290 2494 1400 2577 potius

249 2601 364 2663 testari
391 2601 574 2667 videantur:
603 2624 619 2665 0
648 2603 764 2686 quibus
792 2602 849 2665 ubi
878 2624 932 2666 eos
960 2602 1150 2685 dempseris,
1179 2624 1320 2685 quorum
1344 2605 1402 2665 aut

248 2706 340 2770 nulla
363 2714 419 2772 aut
442 2714 592 2793 suspecta
612 2710 700 2793 fides,
724 2710 890 2794 aliquanto
911 2710 1009 2773 etiam
1030 2711 1198 2793 pauciores
1218 2709 1401 2775 restabunt

224 2821 226 2825 ’
248 2812 321 2877 Pari
347 2819 519 2901 utrumque
544 2837 645 2900 genus
670 2818 879 2900 proportione
903 2818 936 2880 in
956 2815 1171 2881 Bacchidibus
1192 2820 1256 2881 est:
1281 2818 1314 2880 in
1336 2841 1401 2902 qua

247 2920 359 2984 fabula
383 2944 400 2985 0
423 2922 496 3006 plus
520 2924 674 2988 trecentis
699 2923 890 3007 septenariis
914 2923 1086 2987 trochaicis
1110 2922 1237 2987 hiatum
1257 2945 1297 2987 ex
1318 2923 1400 2988 Her·

248 3030 359 3093 manni
394 3031 578 3095 recensione
612 3054 665 3095 sex
699 3031 909 3096 admiserunt:
943 3053 970 3094 v.
1000 3032 1051 3095 55.
1082 3028 1196 3115 362.*)
1228 3031 1306 3095 396.
1335 3033 1401 3096 399

250 3135 337 3214 [vide
360 3136 470 3218 infral.
493 3140 568 3202 414.
592 3137 705 3224 415*),
728 3143 896 3222 praeterea
920 3138 1078 3203 octonarii
1101 3138 1164 3201 duo
1189 3138 1302 3223 580.*)
1326 3140 1401 3205 582.

248 3240 340 3305 Vnde
369 3246 450 3308 satis
478 3252 557 3329 puto
587 3251 735 3329 apparet,
764 3269 858 3330 quam
889 3267 954 3309 non
983 3246 1026 3309 sit
1054 3246 1084 3309 in
1116 3245 1239 3309 deliciis
1264 3246 1400 3311 babitus

248 3349 299 3413 vel
328 3351 467 3415 maxime
496 3352 662 3436 legitimus
693 3352 810 3416 hiatus.
858 3352 928 3428 Quo
957 3352 1063 3437 magis
1093 3356 1188 3415 cauto
1218 3374 1303 3436 opus
1329 3376 1398 3418 esse

166 3454 170 3464 ’
247 3457 457 3543 intellegitur,
480 3481 520 3522 ne
544 3459 627 3542 quod
651 3460 719 3523 fieri
744 3460 888 3543 potuisse
911 3458 1149 3524 concedendum
1173 3460 1227 3541 sit,
1251 3461 1398 3544 cupidius

248 3565 396 3630 credatur
425 3566 547 3629 factum
579 3589 648 3631 esse
678 3589 798 3631 revera.
845 3567 933 3642 Quae
965 3568 1072 3631 cautio
1106 3589 1186 3651 quas
1221 3568 1255 3631 in
1287 3573 1396 3652 partes

248 3671 355 3735 valeat
384 3694 544 3757 quamque
573 3673 725 3737 subtilem
749 3673 1012 3737 diiudicationem
1037 3673 1170 3756 habeat,
1199 3674 1306 3758 ipsius
1331 3675 1396 3739 Tri-

246 3780 370 3842 nummi
394 3780 550 3864 exemplis
574 3780 738 3846 declarare
762 3781 846 3863 licet,
870 3804 952 3865 quae
976 3782 1055 3845 haec
1080 3784 1155 3845 sunt
1180 3804 1207 3845 v.
1229 3784 1305 3846 311.
1325 3784 1396 3847 600.

249 3888 322 3951 013.
347 3887 478 3971 652.**)
504 3888 577 3951 990.
607 3889 690 3952 1025
715 3888 769 3966 [cf.
792 3911 821 3971 p.
846 3888 935 3968 3371
962 3889 1059 3951 1124:

336 4029 446 4094 Nimio
466 4031 592 4112 satiust,
613 4036 649 4094 rit
668 4034 774 4114 opust,
792 4034 824 4093 te
844 4032 890 4094 ito
907 4033 977 4114 e'sse,
996 4054 1092 4115 quam
1112 4037 1150 4096 ut
1169 4033 1281 4099 animo
1302 4034 1397 4099 lubet.

337 4135 411 4201 Non
434 4138 586 4202 credibile
610 4136 699 4202 dicia.
737 4138 783 4200 At
806 4143 838 4201 tu
861 4139 963 4219 c‘depol
987 4139 1094 4203 nullus
1119 4140 1263 4206 creduas.

336 4352 362 4415 *1
382 4349 524 4417 [011101.
545 4367 603 4406 exc.
622 4351 713 4405 Plaut.
734 4351 791 4421 lp.
813 4357 844 4406 70
856 4353 908 4420 sq.]

319 4438 360 4505 **)
380 4439 432 4506 [De
451 4438 505 4493 boc
524 4457 606 4493 versu
626 4440 781 4512 clOpuac.
802 4441 870 4510 phil.
891 4440 928 4493 lll
947 4459 971 4509 p.
994 4447 1027 4494 62
1047 4443 1083 4507 (v.
1103 4459 1189 4512 snpra
1209 4462 1235 4513 p.
1256 4430 1343 4513 3191]

1048 4544 1054 4566 Ι
