3006 5016
226 324 290 397 ,64
566 341 647 387 vam
672 340 821 387 wasnau
844 339 907 388 aas
931 339 1073 388 uoosur

577 552 779 608 EPISTOLAE
800 552 877 608 VlTl
896 552 1062 607 BERLERI.

808 687 830 733 1.

288 782 340 851 (De
358 784 493 839 Italorum
512 784 633 859 ingeniis
652 788 682 840 et
699 786 799 840 studiis
822 802 855 840 ac
873 784 1023 855 praecipue
1042 783 1077 838 de
1096 782 1178 853 Bapt.
1197 781 1343 852 Egnatio.)

194 911 234 949 aas
321 892 347 948 S.
358 892 391 947 D.
418 892 558 958 Quantam
577 892 717 948 laetitiam
736 893 781 948 vel
800 893 893 962 potius
912 893 1087 961 voluptatem
1107 891 1219 944 litterae
1238 890 1309 945 mihi
1327 893 1393 946 tuae

248 981 402 1049 attulerint,
424 981 564 1037 Bilibalde
582 984 626 1037 vir
649 982 810 1049 clarissime,
829 982 934 1036 tacitus
952 996 1061 1035 mecum
1081 977 1175 1049 cogito
1195 981 1394 1051 potiusquam

248 1074 279 1124 ut
297 1069 436 1140 scripturo
456 1072 527 1126 mihi
546 1072 631 1126 verba
647 1089 722 1125 nunc
742 1069 928 1131 succederent.
961 1070 998 1124 Es
1016 1073 1047 1124 tn
1065 1069 1150 1124 bomo
1171 1073 1247 1124 certe
1266 1069 1393 1124 humani·

247 1163 307 1216 tate
325 1159 431 1214 nemini
449 1160 595 1230 secundus,
614 1161 690 1229 quod
708 1161 745 1216 ad
764 1178 817 1229 me,
836 1160 903 1214 licet
921 1160 1006 1229 longo
1024 1159 1150 1214 locorum
1169 1160 1262 1229 spatio
1282 1177 1395 1229 separa·

247 1252 322 1317 tum,
346 1249 577 1318 occupatissimus
601 1249 661 1320 ipse
680 1251 837 1305 litterarum
856 1249 963 1319 aliquid
982 1249 1049 1303 dare
1067 1266 1123 1304 non
1141 1248 1341 1314 intermiseris,
1366 1252 1396 1303 et

248 1338 290 1391 ita
308 1339 435 1392 amanter
452 1341 482 1393 te
501 1339 571 1393 mihi
589 1356 683 1392 rursus
702 1336 901 1405 insinuaveris,
920 1341 952 1393 ut
970 1338 1041 1392 nihil
1060 1337 1096 1392 ad
1113 1338 1327 1393 benevolentiae
1348 1354 1395 1391 cu·

248 1427 355 1480 mulum
379 1427 445 1481 addi
468 1444 549 1497 posse
574 1426 772 1483 contenderim.
810 1427 898 1495 Quas,
918 1427 1069 1495 Bilibalde,
1093 1426 1146 1481 tibi
1164 1429 1245 1482 tanto
1264 1444 1317 1496 pro
1334 1443 1395 1480 mu·

249 1532 314 1570 nere
333 1518 435 1586 grates,
449 1518 459 1585 ΙΙ
473 1533 543 1586 quae
562 1516 677 1571 reddam
695 1515 802 1571 meritis
821 1533 945 1588 congrua
959 1516 1033 1571 dona
1049 1515 1124 1571 tuis?
1143 1516 1184 1570 De
1198 1517 1336 1572 Italorum
1354 1516 1395 1569 in-

249 1604 339 1675 geniis
357 1624 414 1661 non
431 1605 538 1661 inficias
558 1622 600 1674 eo,
620 1605 687 1673 quin
705 1605 757 1679 illa
774 1606 832 1660 sint
849 1607 950 1676 vegeta
968 1607 997 1660 et
1010 1605 1194 1675 ingenuarum
1210 1606 1313 1660 artium
1327 1605 1396 1660 satis

250 1695 400 1763 foecunda3
426 1713 482 1751 non
500 1698 596 1751 tamen
613 1711 700 1764 usque
720 1695 790 1749 adeo
808 1694 838 1749 in
856 1712 890 1749 ea
908 1711 938 1749 re
956 1694 1026 1748 mibi
1045 1693 1182 1749 excellere
1201 1694 1345 1764 videntur,
1364 1697 1396 1748 nt

250 1785 407 1854 complures
426 1801 460 1840 ex
477 1783 648 1839 nostratibus
667 1802 723 1839 non
741 1784 831 1839 solum
850 1802 906 1839 non
925 1800 1046 1855 aequare
1060 1783 1198 1839 Latialem
1218 1784 1298 1838 illam
1318 1800 1394 1838 men·

250 1874 287 1928 tis
306 1873 501 1943 acrimoniam,
530 1874 579 1928 scd
598 1874 683 1928 etiam
703 1874 788 1945 longo
808 1877 872 1944 post
889 1892 917 1929 se
936 1875 1086 1930 intervallo
1105 1874 1263 1943 relinquere
1284 1873 1394 1928 videan-

248 1969 302 2019 tur.
339 1963 537 2034 Peregrinatus
561 1981 622 2016 sum
645 1962 679 2017 iis
702 1962 759 2017 iam
784 1964 898 2018 aestivis
922 1963 1078 2019 studiorum
1096 1964 1292 2019 vacationibus
1310 1963 1394 2033 paulo

250 2054 377 2122 liberius,
406 2070 497 2107 mores
524 2052 667 2107 hominurn
694 2056 723 2106 et
747 2053 829 2107 urbes
853 2052 967 2122 propius
993 2053 1168 2122 inspecturus
1194 2051 1394 2122 grammaticos

250 2143 397 2211 plerosque
417 2143 547 2209 salutavi,
567 2141 663 2194 audivi
680 2157 736 2195 non
756 2159 855 2210 pamm
869 2142 982 2196 multos.
1011 2140 1066 2196 Sed
1079 2140 1147 2211 quid
1160 2143 1240 2196 tum?
1259 2158 1295 2196 en
1309 2130 1395 2209 (quod

197 2245 237 2285 aas
251 2247 320 2301 pace
344 2231 462 2285 aliorum
485 2229 612 2299 dixerim)
637 2229 712 2284 solus
736 2230 865 2299 Baptista
883 2229 1021 2298 Egnatius
1048 2228 1078 2283 in
1096 2229 1269 2284 Venetorum
1296 2229 1395 2283 floren·

251 2320 360 2374 tissima
378 2320 446 2374 urbe
465 2320 594 2374 inventus
614 2324 665 2388 est,
684 2320 732 2388 qui
749 2319 844 2390 graeci
864 2319 998 2389 latinique
1018 2319 1153 2374 sermonis
1172 2319 1244 2373 mira
1262 2318 1396 2373 facundia

251 2409 365 2478 reliquis
393 2408 521 2464 omnibus
548 2410 632 2478 longe
657 2410 827 2478 praestabat.
865 2409 958 2463 Ductu
981 2408 1058 2462 illius
1082 2426 1116 2462 ac
1142 2425 1228 2478 opera
1253 2407 1398 2463 rarissima

252 2514 378 2566 quaeque
402 2514 434 2552 ac
458 2496 519 2552 visu
544 2496 710 2567 dignissima
733 2501 793 2553 toto
817 2498 967 2566 quatriduo
990 2497 1049 2552 sslic
1069 2515 1129 2551 sum
1149 2497 1312 2567 diligentius
1332 2512 1397 2551 con·

252 2587 411 2656 templatus.
448 2587 527 2642 Fecit
554 2587 578 2641 is
606 2587 680 2642 inter
707 2587 876 2656 loquendum
903 2585 946 2641 tui
971 2587 1083 2656 saepius
1106 2603 1189 2656 quam
1212 2585 1398 2641 honorificam

252 2675 423 2729 mentionem
450 2692 483 2729 ac
508 2676 623 2732 tandem
660 2696 727 2747 qum
763 2695 807 2732 me
836 2676 1021 2731 discessurum
1054 2675 1242 2745 pulcherrimo
1274 2675 1399 2744 quodam

253 2764 400 2818 chartaceo
426 2779 540 2818 munere
566 2766 643 2834 prius
668 2766 813 2833 donasset,
841 2764 871 2817 id
896 2765 993 2818 crebro
1019 2763 1191 2819 inculcabat:
1225 2763 1398 2818 Bilibaldum

252 2856 343 2920 tuum,
373 2851 459 2906 immo
478 2870 584 2922 meum,
612 2855 698 2909 immo
717 2857 857 2923 nostrum,
885 2853 925 2908 mi
943 2853 1021 2922 Vite,
1050 2870 1112 2908 meo
1130 2853 1242 2909 nomine
1262 2853 1400 2908 salutabis

252 2939 411 3011 plurimum.
440 2941 504 2996 Non
523 2945 618 3011 potest
636 2943 699 3011 dici,
718 2943 867 3010 Bilibalde,
886 2960 971 3012 quarn
990 2944 1074 2997 homo
1092 2943 1140 2996 ille
1160 2943 1219 2998 sine
1237 2946 1398 2998 coutrover-

253 3030 295 3085 sia
314 3029 490 3085 doctissimus
508 3034 537 3085 te
552 3032 629 3086 colat
641 3031 723 3088 unice
739 3032 922 3101 observetque
936 3035 1103 3101 reverenter,
1122 3032 1197 3100 quod
1211 3032 1275 3085 ideo
1290 3032 1401 3102 scripsi,

211 3133 214 3139 ’
252 3122 284 3173 ut
302 3119 473 3189 intelligeres
489 3119 668 3175 Germaniam
686 3125 811 3176 nostram
830 3122 922 3190 quoad
938 3122 1016 3176 illam
1035 3121 1210 3191 ingeniorum
1229 3121 1400 3175 beatitatem

252 3225 309 3262 non
326 3209 356 3262 in
374 3209 521 3278 postremis
540 3210 706 3265 collocatam
728 3228 796 3265 esse.
834 3210 913 3276 Quod
932 3211 968 3280 si,
986 3212 1019 3264 ut
1037 3209 1134 3265 scribis
1154 3209 1307 3278 verissime,
1328 3209 1399 3264 Ger·

253 3297 343 3353 manis
369 3313 497 3364 munera,
524 3315 597 3367 quae
616 3299 708 3368 Italis,
736 3300 772 3354 ob
792 3299 946 3354 doctrinam
965 3302 1197 3369 proponerentur;
1229 3298 1303 3367 (quis
1323 3298 1401 3352 enim

254 3387 386 3441 virtutem
410 3387 589 3456 amplectitur
612 3388 712 3458 ullam,
738 3388 864 3457 praemia
887 3390 910 3443 si
934 3389 1048 3457 tollast)
1073 3389 1199 3458 protinus
1223 3387 1319 3443 omnia
1342 3388 1402 3442 iam

254 3480 347 3531 essent
370 3477 447 3543 alba3
477 3477 526 3531 sed
549 3477 595 3531 hei
620 3495 670 3532 nos
693 3482 792 3533 ventus
817 3478 921 3548 pascit,
949 3480 1122 3546 pascentque
1141 3476 1236 3530 inania
1255 3477 1344 3532 verba
1362 3476 1402 3530 ob

253 3566 338 3634 idque
361 3566 435 3619 male
455 3582 517 3620 cum
537 3565 669 3621 litteratis
689 3569 782 3637 agitur
801 3567 875 3621 viris.
913 3567 1047 3622 Desertae
1066 3574 1131 3621 sunt
1148 3564 1273 3636 patronis
1292 3565 1400 3620 Musae.

254 3654 308 3707 Vix
323 3672 392 3708 unus
407 3671 440 3708 ex
456 3653 621 3709 Germaniae
639 3655 812 3727 principibus
831 3655 930 3710 studiis
949 3656 998 3710 dat
1016 3656 1101 3711 molle
1117 3655 1202 3712 otium
1218 3655 1402 3723 animumque

254 3761 271 3796 a
290 3742 362 3797 curis
382 3744 509 3813 extricat,
528 3747 560 3797 ut
577 3745 648 3800 nibil
667 3746 701 3801 de
719 3746 811 3801 lodice
829 3745 955 3816 paranda
969 3745 1105 3800 attonitus
1119 3745 1224 3813 aliquid
1239 3744 1402 3813 amoliatur,

254 3832 329 3900 quod
347 3833 466 3901 posteris
486 3851 596 3902 quoqne
615 3834 737 3904 gratiam
756 3835 905 3890 conciliare
924 3835 1020 3906 possit.
1048 3834 1103 3888 Sed
1121 3833 1272 3904 prohibent
1289 3849 1336 3888 me
1354 3851 1403 3888 ce-

255 3924 315 3975 tera
333 3920 439 3977 Parcae
462 3923 571 3990 farique
596 3926 673 3977 rotat
692 3924 823 3979 Saturnia
841 3926 917 3982 luno.
956 3923 1037 3991 Quod
1055 3923 1131 3994 apud
1149 3940 1197 3978 vos
1215 3921 1328 3976 litterae
1347 3922 1403 3976 mi·

254 4030 315 4065 rum
334 4013 362 4065 in
380 4012 493 4067 modum
513 4012 609 4068 florere
628 4013 778 4082 incipiant,
803 4014 911 4084 gaudeo
932 4014 1073 4069 communi
1091 4012 1199 4082 patriae
1218 4028 1275 4065 non
1292 4011 1402 4065 medio-

176 4112 243 4160 ,ase
258 4101 354 4169 criter,
382 4101 608 4169 quandoquidem
627 4103 750 4157 futurum
769 4120 863 4172 spero,
891 4107 923 4158 ut
941 4108 1061 4159 tremens
1080 4103 1135 4155 iam
1155 4118 1241 4171 prope
1260 4117 1293 4155 ac
1313 4100 1403 4154 vacil-

256 4192 316 4244 lans
334 4190 477 4244 barbaries
496 4191 570 4245 intra
589 4193 672 4247 breve
691 4194 803 4263 tempus
822 4196 882 4248 tota
900 4193 1029 4263 pellatur.
1059 4190 1139 4257 Quod
1153 4193 1184 4245 ut
1197 4189 1255 4258 fiat,
1274 4189 1318 4243 tui
1332 4207 1403 4257 quo-

256 4297 309 4348 que
337 4281 458 4333 muneris
486 4280 550 4348 erit,
580 4280 692 4335 interim
716 4283 810 4335 autem
835 4281 950 4335 Luciani
973 4280 1085 4334 libellos
1116 4296 1185 4347 quos
1213 4279 1337 4347 parturis
1369 4283 1405 4334 ut

256 4368 478 4438 quamprimum
498 4369 623 4435 enitaris,
644 4370 778 4426 Lucinam
798 4370 857 4441 ipse
877 4371 993 4440 supplex
1011 4368 1162 4436 invocab0,
1182 4371 1213 4422 ut
1231 4385 1313 4438 opem
1333 4369 1405 4424 huic

257 4459 333 4529 operi
352 4459 539 4528 pulcherrimo
559 4461 644 4528 serat,
667 4477 722 4528 quo
746 4460 765 4514 ii
790 4444 842 4530 qui
867 4460 1055 4514 mansuetiora
1074 4460 1217 4514 sectantur
1235 4457 1339 4526 studia,
1368 4476 1406 4516 ex
