2940 5004
249 344 314 408 494
536 357 795 406 nnonnoonnne
820 357 866 405 nn
891 357 1098 406 nnnronravs

1014 435 1032 467 Ο

250 505 407 570 sermonis
439 503 533 568 inire:
571 503 656 587 quod
693 503 800 587 ipsum
832 503 902 567 fieri
933 526 999 568 non
1031 508 1184 587 potuerat
1215 503 1299 588 quin
1335 525 1402 568 non

252 611 373 694 eadem,
396 610 452 676 sed
475 611 584 694 aliqua
608 632 645 675 er
669 614 761 693 parte
785 610 912 674 diversa
936 610 1099 675 sententia
1116 610 1272 694 prodiret.
1307 609 1404 675 Vnde

249 719 349 783 etiam
364 705 600 803 neglectionem
616 718 699 801 legis
714 717 784 801 rogi
802 718 928 781 ratione
943 717 1151 802 intellegitur.
1176 718 1271 794 Quod
1285 722 1404 782 contra

251 825 396 891 vindicat
428 824 491 888 sibi
524 825 638 888 critica
672 824 720 886 ius
753 823 934 908 corrigendi
963 823 994 887 h.
1018 846 1043 887 e.
1067 824 1258 908 plerumque
1281 825 1403 888 leniter

252 932 502 1017 transponendi,
534 932 728 1015 ubicumque
760 952 819 995 nec
848 931 1010 995 sententia
1041 953 1099 994 nec
1126 933 1236 996 verbis
1261 933 1400 996 mutatis

248 1046 363 1125 poetae
387 1063 468 1123 opus
496 1043 567 1102 erat
589 1039 629 1102 ad
653 1038 830 1121 perfectam
855 1038 1105 1103 concinnitatem
1128 1039 1399 1124 consequendam.

248 1147 362 1232 Itaque
386 1170 458 1212 cum
482 1146 577 1229 idern,
601 1146 686 1230 quod
711 1147 745 1210 in
768 1145 952 1211 Trinummi
977 1168 1114 1229 versum,
1138 1148 1173 1210 in
1191 1146 1280 1211 hunc
1305 1147 1401 1210 cadat

248 1254 366 1319 Bacch.
395 1256 455 1318 104
480 1255 587 1337 [135]:
618 1254 688 1318 Tuo
708 1255 875 1335 disciplina
896 1255 951 1317 nc'c
977 1252 1070 1317 mibi
1091 1255 1217 1334 prodest
1239 1255 1296 1318 ne'c
1319 1255 1400 1337 tibi,

249 1366 360 1426 tamen
379 1362 417 1425 de
438 1361 581 1426 eiusdem
606 1361 736 1425 fabulae
755 1384 783 1425 v.
803 1361 845 1424 53
871 1360 941 1443 [84]
967 1380 1085 1444 magna
1103 1360 1265 1424 dubitatio
1285 1361 1399 1444 oritur,

248 1490 326 1532 num
345 1472 482 1553 utraque
501 1491 588 1548 voce,
613 1469 647 1533 in
666 1491 730 1552 qua
748 1472 915 1552 tamquam
934 1467 1031 1532 cardo
1050 1467 1231 1531 sententiae
1249 1469 1399 1551 vertitur,

249 1574 282 1637 in
310 1574 394 1639 thesi
422 1575 575 1660 depressa
598 1577 644 1640 sic
666 1575 765 1640 verba
788 1579 886 1658 poeta
908 1574 1090 1639 collocarit:
1117 1573 1204 1637 Doto
1232 1578 1298 1656 qui
1327 1576 1398 1640 berre

248 1684 305 1746 eit:
328 1684 389 1766 ὀρθ,
411 1684 474 1748 obi
497 1684 567 1747 bc'nc
589 1685 638 1762 sit,
663 1684 720 1747 tibi
743 1684 841 1747 tectim
865 1683 1000 1765 lrpidom
1022 1683 1108 1765 dabo,
1136 1682 1233 1745 simul
1256 1683 1290 1747 vi
1317 1684 1396 1746 arsis

249 1789 298 1852 bis
329 1789 457 1853 intensa
487 1791 558 1854 berec
588 1789 733 1873 notione,
763 1790 810 1854 in·
829 1813 892 1874 qua
919 1795 994 1873 post
1021 1811 1060 1854 ea
1087 1810 1168 1873 quae
1196 1789 1397 1873 praecedunt

249 1895 401 1978 exignum
432 1897 559 1980 pondus
590 1901 647 1961 est.
694 1896 838 1972 Quorum
869 1919 965 1980 quam
995 1896 1113 1979 facilis,
1145 1899 1214 1960 tam
1248 1896 1394 1979 profecto

249 2003 515 2068 commendabilis
539 2003 753 2086 transpositio
778 2007 839 2086 est,
870 2025 936 2066 non
959 2002 1038 2067 baec
1061 2004 1088 2067 si
1112 2002 1189 2086 quid
1213 2003 1309 2068 video
1332 2005 1397 2067 vio·

249 2110 380 2173 lentior:
406 2109 469 2188 Qui
485 2113 526 2173 so
544 2111 623 2193 benc,
641 2111 729 2173 ricto:
752 2110 813 2192 c'90,
836 2110 907 2174 bcrw
924 2110 977 2173 ribi
994 2104 1043 2192 ot,
1067 2111 1124 2173 tibi
1144 2110 1244 2174 locum
1262 2111 1396 2191 lepidum

249 2217 334 2299 dabo,
354 2217 410 2280 sed
424 2238 497 2281 cum
513 2217 678 2280 lenissima
693 2217 873 2281 mutatione
888 2217 1058 2281 coniuncta
1072 2216 1165 2281 haec:
1188 2216 1245 2279 Do
1263 2223 1311 2301 tu,
1334 2221 1398 2299 qui

249 2325 319 2387 berte
337 2327 393 2386 sit:
416 2345 477 2405 epu,
500 2324 561 2386 eibi
583 2325 633 2406 sit,
656 2324 713 2386 tibi
732 2325 751 2386 1.
771 2325 788 2386 1.
808 2321 886 2408 d.*):
911 2347 986 2388 nam
1006 2324 1146 2406 correpti
1164 2324 1236 2386 odet
1254 2324 1317 2387 etsi
1340 2323 1396 2386 ali·

250 2452 347 2513 quam
367 2429 527 2493 rationem
550 2452 580 2513 p.
604 2448 735 2494 cuxvln
761 2429 854 2511 [411]
880 2429 1072 2513 aperuimus,
1096 2435 1204 2494 tamen
1228 2429 1396 2494 fatendum

250 2541 299 2599 est
322 2536 459 2600 alterum
484 2537 664 2619 exemplum
688 2536 877 2600 desiderari:
907 2537 1096 2619 productam
1126 2541 1234 2601 autem
1262 2539 1305 2600 sit
1332 2536 1395 2599 for·

249 2665 335 2707 mam
350 2644 430 2707 satis
448 2648 485 2708 ut
504 2648 582 2727 puto
601 2645 899 2727 p.cnxxx11[423]
917 2644 1123 2728 munivimus,
1142 2665 1206 2727 quo
1226 2644 1298 2707 loco
1318 2644 1395 2707 alla-

249 2752 292 2815 tis
317 2751 397 2815 adde
421 2750 489 2814 Mil.
512 2750 552 2833 V,
575 2751 609 2813 4:
640 2750 714 2815 Vide
735 2756 770 2813 ut
792 2752 862 2813 istic
885 2751 1151 2833 territaretur,
1175 2749 1278 2835 Corio,
1302 2751 1396 2814 cettei

99 2888 236 2928 couxvrn
247 2859 347 2940 probe.
380 2856 443 2921 Sed
463 2879 545 2939 quae
564 2861 712 2921 recusent
731 2853 1024 2939 correctionemffl),
1047 2861 1176 2940 praeter
1194 2858 1298 2922 allata
1315 2857 1395 2922 haec

249 2966 350 3029 habes
378 2965 536 3047 exempla:
571 2963 640 3027 Voti
663 2964 737 3043 fieri
765 2963 848 3046 liber,
879 2964 989 3027 uerum
1015 2966 1096 3044 qnod
1120 2966 1189 3046 oet,
1217 2965 1282 3028 icon
1309 2965 1397 3029 toto

249 3072 337 3135 Trin.
362 3074 440 3154 5643
472 3069 561 3149 Quod
581 3070 679 3152 amai,
703 3075 895 3152 perecount,
924 3071 1005 3151 orado
1032 3073 1106 3152 des,
1136 3072 1291 3136 inuentist
1319 3091 1396 3153 opus

250 3178 305 3242 Ba.
324 3179 383 3242 187
402 3179 508 3261 [219];
528 3200 590 3241 non
608 3178 704 3241 liciole
721 3177 784 3240 boo
803 3179 888 3259 diripe
902 3177 954 3240 Tr.
969 3177 1048 3259 4833
1073 3180 1283 3259 potissimum
1304 3179 1395 3242 miti

249 3286 284 3348 id
301 3285 378 3348 obsit
396 3286 474 3369 5883
500 3285 551 3348 No‘
568 3287 671 3367 pipcat
690 3286 805 3367 fecisse,
827 3291 863 3347 ut
879 3287 985 3365 potius
1002 3286 1119 3365 pnideot
1140 3287 1169 3348 oi
1191 3306 1266 3350 noo
1287 3287 1395 3366 feceras

250 3391 328 3473 3483
353 3389 436 3469 Quid
455 3392 548 3471 fecit?
572 3392 656 3470 Quid
672 3391 852 3471 confecit?
875 3393 951 3472 quire
971 3396 1003 3454 tu
1017 3393 1052 3455 id
1063 3393 1115 3455 mc'
1124 3392 1237 3474 royac?
1257 3392 1314 3456 Ba
1331 3394 1394 3457 226

251 3497 354 3580 [258]‚
373 3498 460 3562 utin
478 3497 530 3560 his
548 3519 634 3561 nunc
653 3498 839 3562 subsistam.
873 3497 1018 3573 Quorum
1038 3499 1259 3581 exemplorum
1279 3500 1394 3564 ultimo

251 3604 336 3687 quod
364 3607 494 3687 praeter
516 3605 790 3686 exspectationem
814 3626 877 3667 runc
900 3605 1059 3688 particula
1082 3605 1244 3670 delitescit
1268 3604 1395 3691 (contra

339 3851 368 3918 ⁸)
388 3851 474 3918 [Drito
493 3854 542 3919 qui
560 3853 624 3906 berec
642 3854 693 3906 sit.-
712 3855 767 3921 dyo,
787 3853 851 3905 bene
869 3853 917 3905 ote·
935 3853 971 3906 stt
991 3897 996 3907 .
1014 3897 1019 3908 .
1040 3853 1140 3923 Opuac.
1156 3853 1225 3923 phil.
1244 3853 1304 3923 lip.
1320 3853 1394 3923 aba]

323 3940 362 4009 W)
382 3941 444 3996 Non
463 3959 576 4010 prorsus
593 3945 705 3998 recusat
722 3942 797 3996 Trin.
818 3949 882 3996 471:
907 3942 941 3996 Si
958 3944 1003 3997 iili
1027 3948 1165 4013 caryotae
1183 3946 1240 3997 sint
1263 3944 1361 4012 epulae
1378 3962 1395 3997 o

251 4032 416 4085 elucentibus:
440 4031 545 4085 licebat
563 4032 637 4086 enim
657 4033 689 4087 Si
707 4033 752 4085 illi
769 4034 826 4086 rint
844 4033 940 4100 e'palue
958 4034 1097 4101 coopertae
1115 4052 1133 4087 a
1151 4034 1314 4088 cremetur.
1352 4033 1394 4086 Id·

250 4137 303 4189 que
322 4137 436 4189 prorsus
454 4122 641 4176 necessarium
661 4120 790 4188 dicerem,
810 4120 834 4174 si
852 4138 925 4176 nunc
943 4123 1065 4191 primunr
1083 4121 1231 4176 inferretur
1245 4122 1395 4190 epularum

249 4207 335 4264 notio.
365 4209 468 4263 Verum
483 4228 545 4264 curn
560 4211 631 4264 baec
645 4209 825 4280 praecedant:
845 4211 983 4280 Adpoeito
1001 4228 1068 4266 cereo
1085 4213 1121 4265 sit
1135 4212 1298 4280 popularem
1312 4228 1395 4280 quom

250 4304 364 4365 uocant,
388 4302 506 4369 apparet
524 4299 574 4353 illa
592 4317 648 4353 non
666 4299 729 4368 plus
748 4300 842 4354 valere
861 4317 946 4368 quarn
964 4302 990 4354 si
1006 4302 1051 4355 iiii
1068 4306 1221 4370 conpertum
1238 4301 1282 4355 sic.
1322 4300 1398 4371 [Cle-

251 4386 370 4441 mentius
396 4390 449 4443 hoc
473 4388 506 4443 de
529 4389 652 4441 numeris
670 4407 695 4442 v.
716 4396 764 4443 471
787 4389 922 4443 iudicium
941 4389 1111 4444 Ritsebeliue
1135 4388 1207 4443 dixit
1224 4388 1253 4443 in
1273 4389 1315 4445 ed.
1338 4391 1397 4459 alt,

250 4476 297 4529 nbi
316 4494 373 4530 una
391 4494 452 4530 curn
472 4477 651 4532 antecedenti
665 4495 746 4530 versu
764 4478 911 4548 interpreti
929 4478 1049 4546 tribuit]
