2986 5010
432 345 696 394 uuuuumroms
720 345 925 392 ruuv'rruus.
1179 330 1243 396 387

103 488 139 551 in
161 507 230 552 cum
251 508 279 569 q.
297 486 326 552 lt.
350 490 519 572 mutatum,
541 488 577 552 in
599 510 723 553 meram
747 491 853 552 autem
877 489 1058 555 barbariem
1082 513 1101 555 a
1124 488 1244 555 Bothio

102 596 305 679 corruptum,
333 593 425 659 cuius
453 600 672 661 commentum
699 615 788 677 quern
810 595 928 661 habirit
954 596 1003 660 sui
1032 597 1138 661 simile
1161 596 1243 662 nihil

102 700 202 765 habet
230 699 294 764 nisi
322 699 402 766 alibi
426 701 466 765 ab
492 702 605 767 eodem
629 702 890 767 commendatum
912 705 1084 770 emetituoc'.
1129 702 1245 779 Quam-

103 829 201 892 quam
224 807 294 872 fieri
317 809 427 894 potest
448 812 485 874 ut
508 832 525 874 e
549 808 746 897 glossemate
770 811 814 876 sit
836 812 939 892 illum,
962 814 1115 878 revocata
1137 814 1245 875 autem

103 937 186 999 quae
209 914 363 980 exciderit
386 914 514 1000 syllaba
538 917 584 983 sic
606 939 719 984 versus
743 917 1023 1003 redintegrandus:

191 1057 294 1134 Quem
317 1061 392 1123 ante
415 1058 539 1142 habuit,
562 1060 717 1143 perdidit:
742 1060 843 1125 ulium
865 1065 941 1146 post
963 1060 1042 1127 fecit
1063 1083 1191 1126 nouom.

104 1201 166 1264 ver
190 1200 286 1282 ouem
309 1201 383 1266 oum
405 1201 562 1287 murm)

579 1522 693 1571 oarvr
718 1505 774 1571 XI.

190 1646 271 1713 Tam
304 1647 453 1734 augustis
486 1648 637 1714 cancellis
675 1648 948 1734 circumscriptam
987 1672 1056 1715 esse
1093 1651 1244 1717 binarum
1258 1671 1319 1714 uxr.

103 1754 352 1819 consonantium
375 1755 409 1819 in
427 1754 574 1820 confiniis
594 1755 766 1821 verborum
786 1754 1076 1842 correptionem**)
1095 1755 1245 1842 vidimus,

99 1865 222 1927 utnon
243 1863 349 1945 possit
370 1884 438 1927 non
457 1863 617 1926 maximoe
637 1861 805 1926 mirationi
819 1883 937 1948 magna
952 1863 1167 1948 correptionis
1182 1863 1244 1929 ire·

99 1968 233 2053 quentia
261 1990 331 2034 esse
358 1969 392 2034 in
422 1969 519 2034 certis
548 1968 729 2052 vocabulis,
762 1969 793 2064 si
822 1990 1023 2037 communem
1057 1968 1245 2054 opinionem

101 2075 280 2159 sequimur,
309 2075 480 2141 admissae.
525 2074 706 2161 Exemplis,
735 2076 812 2161 quid
835 2081 992 2161 spectem,
1014 2077 1203 2143 monstrabo
1227 2100 1244 2142 e

98 2181 186 2253 Trio.
210 2206 239 2249 v.
262 2184 315 2251 61.
339 2183 412 2248 705.
435 2183 508 2249 958.
533 2182 612 2248 989:
643 2184 717 2248 794.
741 2185 814 2250 810.
840 2184 938 2250 1067ε
966 2184 1041 2250 336.
1065 2185 1139 2251 678.
1163 2186 1244 2251 953:

143 2322 270 2409 Nempe
292 2326 376 2392 enim
398 2328 443 2407 tu,
467 2325 572 2410 credo,
596 2348 646 2390 me
669 2325 895 2412 inprudentem
920 2327 1112 2410 obrepseris.

142 2429 217 2497 Non
239 2428 396 2516 euim***)
422 2454 555 2516 possum
579 2431 655 2516 quin
679 2434 869 2499 exclamem:
899 2454 980 2520 euge
1004 2438 1095 2521 erige,
1118 2434 1245 2520 Lysite-

951 2541 1007 2626 les,
1031 2541 1136 2607 πάλιν.

144 2625 321 2712 Enimuero
347 2667 406 2732 ego
430 2669 515 2712 nunc
539 2648 760 2732 sucophantae
783 2647 859 2713 huic
882 2647 1118 2732 sucophantari
1137 2649 1221 2715 uolo.

142 2735 230 2818 tibin
247 2754 325 2819 hino
345 2754 386 2820 ab
410 2752 535 2819 oculis?
559 2752 621 2819 SY.
644 2757 804 2821 enimuero
825 2756 921 2838 [enim
943 2743 1016 2820 clero
1035 2753 1151 2836 Trinl]
1172 2757 1243 2821 sero

838 2861 992 2946 quoniam
1015 2861 1079 2926 huc
1102 2861 1244 2928 aduenis.

145 2967 244 3050 Apud
259 2967 436 3052 portitores
456 2954 508 3033 ies
532 2967 715 3051 resignatus
740 2967 811 3032 sibi.

142 3075 242 3158 Apud
262 3073 438 3157 portitores
462 3076 532 3139 esse
555 3074 729 3158 inspectas:
754 3072 897 3159 denique.

142 3180 221 3247 'li'bi
235 3181 404 3267 permitto:
419 3181 510 3246 illam
525 3182 660 3246 alteram
673 3181 760 3264 opud
771 3203 832 3266 me,
846 3181 931 3266 quod
946 3181 1065 3267 bonist,
1079 3183 1244 3267 apponite.

141 3288 207 3366 Qui
218 3290 341 3371 quidem
355 3311 514 3373 nusquam
528 3292 586 3375 per
603 3289 758 3353 uirtutem
777 3291 846 3354 rem
861 3289 1030 3374 confregit,
1043 3290 1139 3374 itque
1160 3296 1243 3377 eget.

139 3396 191 3462 Ne
215 3396 390 3462 scintillam
413 3397 535 3478 quidem
552 3396 724 3481 relinques,
747 3397 849 3482 genus
869 3396 924 3481 qui
944 3396 1124 3480 congliscit
1141 3400 1243 3463 tuom.

142 3502 209 3580 Qus
229 3505 352 3586 quidem
369 3525 436 3569 non
455 3501 586 3569 nouisse
605 3504 738 3589 possim,
762 3501 891 3589 quicum
911 3507 1052 3569 aetatem
1071 3505 1242 3590 exegerim.

96 3646 218 3729 Quibus
242 3646 385 3711 dubitari
408 3649 519 3730 potest
541 3668 619 3711 num
641 3646 721 3712 haec
745 3646 891 3712 addenda
912 3647 979 3712 sint
998 3669 1015 3710 e
1034 3669 1063 3711 v.
1082 3647 1153 3712 196.
1168 3648 1243 3713 478.

93 3753 168 3819 557.
192 3754 266 3820 875.
292 3753 387 3817 1030.
414 3752 513 3817 1055:

139 3892 202 3960 sed
226 3893 304 3981 quid
329 3895 399 3960 ais?
423 3893 500 3979 quid
523 3916 608 3960 nunc
631 3893 751 3981 uirgo?
776 3918 892 3982 nempe
915 3897 1000 3980 opud
1021 3896 1107 3962 test?
1132 3896 1224 3962 Itast.

95 4041 307 4048 ———--.—d..

203 4109 230 4178 *)
254 4109 357 4179 [Illum
374 4125 452 4179 quem
470 4113 534 4163 onte
550 4106 648 4160 habuit
662 4107 799 4175 perdidit,
821 4108 886 4174 feeit
903 4123 1000 4162 novom
1018 4108 1116 4178 Trim',
1144 4108 1193 4164 ubi
1212 4128 1241 4165 se

99 4196 200 4267 Opuse.
213 4197 283 4267 phil.
301 4198 326 4251 Il
339 4217 365 4269 p.
381 4202 433 4254 568
448 4197 531 4252 citius
550 4194 619 4250 dicit
631 4195 780 4251 accessisse
794 4195 975 4253 Lachmanno
989 4196 1019 4251 iu
1032 4197 1112 4253 Lucr.
1126 4217 1154 4269 p.
1170 4186 1243 4256 116]

182 4284 224 4354 *ἢ
244 4285 299 4355 [Cf.
318 4304 345 4356 p.
365 4292 418 4341 386
437 4282 581 4356 annot'*]

168 4373 224 4443 ¹⁸⁴³)
244 4375 383 4444 [licentem
400 4374 571 4430 Ritschslius
595 4373 625 4429 in
642 4374 685 4429 ed.
705 4375 768 4442 alt,
787 4373 857 4430 Nor.
877 4391 935 4430 exc.
955 4375 1047 4432 Plaut.
1062 4377 1074 4430 I
1092 4395 1120 4447 p.
1142 4383 1244 4448 112sq.

98 4463 173 4517 conl.
192 4481 219 4533 p.
238 4468 274 4518 40
292 4466 321 4518 et
340 4464 441 4535 Opuse.
459 4463 530 4535 phil.
549 4464 574 4518 ΙΙ
592 4482 619 4534 p.
639 4464 756 4535 242sq]

977 4555 1033 4611 25*
