2992 5004
432 353 697 400 EMENDATIONIS
723 354 934 401 PLAVTINAE.
1194 338 1257 401 311

111 498 310 564 mentatione
339 503 553 586 excerptaque
580 498 614 561 in
643 497 841 563 Bacchidum
874 497 1017 563 editione
1045 497 1260 583 plurimorum

111 605 343 691 exemplarium
362 605 558 689 discrepanti
578 605 738 690 scriptura
756 609 929 690 postquam
953 605 1167 671 falsissimum
1188 628 1259 671 esse

110 713 263 799 apparuit
285 712 342 798 qui
364 712 403 777 de
426 713 536 778 nescio
560 713 676 797 quibus
701 716 903 777 vetustarum
926 713 1106 778 editionum
1129 712 1259 777 thesau-

112 821 157 885 ris
180 819 235 884 diu
258 842 369 885 rumor
393 819 600 904 obtinuisset,
621 841 709 884 nuno
731 841 796 884 non
821 823 892 884 erat
914 819 1059 904 profecto
1084 819 1197 884 curin
1221 842 1258 885 eo
1301 862 1303 864 -

111 949 228 1013 genere
252 926 321 991 sine
345 928 452 992 fructu
479 926 584 992 denuo
607 949 817 992 moraremur.
862 926 977 1011 ltaque
1001 949 1074 992 cum
1098 926 1258 992 editorum

111 1040 179 1100 tum
207 1037 387 1100 ceterorum
416 1035 602 1101 criticorum
629 1035 765 1099 nomina
793 1034 840 1099 eis
864 1038 993 1100 tantum
1016 1033 1096 1099 locis
1121 1055 1259 1099 comme·

113 1142 251 1226 moravi,
279 1141 398 1226 quibus
426 1141 474 1206 illi
503 1141 553 1205 vel
577 1141 700 1226 aliquid
724 1141 839 1207 salutis
864 1141 1054 1206 attulissent
1076 1141 1126 1205 vel
1149 1140 1259 1226 aliqua

110 1249 149 1314 de
172 1271 271 1314 causa
290 1249 542 1332 memorabilem,
565 1249 711 1334 quamvis
736 1272 756 1313 a
778 1271 854 1314 vero
874 1249 1078 1314 aberrantem
1097 1249 1222 1313 conieet
1245 1288 1258 1297 -

110 1379 181 1421 ram
205 1357 438 1422 admovissent:
468 1356 598 1441 quando
626 1356 724 1422 etiam
754 1378 878 1422 errores
907 1378 975 1421 esse
1005 1355 1163 1421 eiusmodi
1186 1377 1258 1439 pos·

111 1467 198 1546 sunt,
228 1467 265 1528 ut
295 1462 417 1547 aliquid
448 1464 498 1529 vel
528 1462 633 1529 laudis
665 1463 716 1528 rel
746 1462 900 1528 utilitatis
929 1462 1079 1528 babeant.
1125 1461 1165 1527 In
1194 1484 1257 1546 quo

112 1571 214 1637 sicubi
244 1570 380 1635 videbor
409 1570 529 1635 nimius
558 1569 670 1654 fuisse,
698 1571 906 1656 quantumvis
934 1570 985 1635 vel
1013 1570 1177 1635 inutilium
1200 1570 1256 1635 ha·

112 1678 320 1744 riolationum
340 1679 391 1743 vel
411 1678 636 1762 imperitarum
655 1678 874 1744 mutationum
894 1678 998 1742 sciens
1018 1677 1148 1743 silentio
1168 1699 1258 1761 prse-

113 1785 268 1851 terierim:
305 1784 408 1850 nimia
440 1785 528 1851 volui
562 1786 732 1871 diligentia
768 1808 864 1871 quam
898 1785 1071 1850 severitate
1108 1784 1257 1870 aliquave

109 1893 316 1978 neglegentia
335 1914 476 1977 peccare.
512 1892 558 1957 Et
582 1892 742 1958 editorum
766 1888 905 1978 quidem,
927 1891 983 1977 qui
1001 1890 1160 1956 Merulam
1182 1914 1255 1975 pro·
1271 1912 1315 1951 nn

82 2001 195 2065 nimo
224 1999 395 2064 intervallo
424 2000 525 2065 secuti
549 2004 640 2084 sunt,
668 1999 807 2084 perlevis
835 1998 876 2063 ad
904 1997 1138 2063 emendandum
1162 1998 1257 2063 Plau·

110 2111 179 2171 tum
208 2128 307 2191 opera
333 2106 410 2171 fuit:
439 2112 476 2172 ut
498 2106 632 2172 Eusebii
657 2105 824 2172 chraau
848 2111 881 2170 et
905 2104 1048 2191 Philippi
1071 2105 1257 2170 Bnaornor

108 2214 141 2278 in
179 2213 375 2279 editionibus
409 2213 706 2280 Mediolanensibus
739 2235 897 2278 annorum
930 2230 1197 2280 croccccnxxxx
1225 2216 1259 2276 et

109 2338 214 2388 cmm:
242 2319 352 2406 paullo
381 2322 489 2406 plura,
517 2321 551 2385 in
579 2321 629 2385 his
654 2325 763 2385 autem
791 2322 947 2405 quaedam
972 2319 1164 2403 rectissime,
1192 2340 1257 2384 non

111 2431 292 2511 mutarunt,
315 2428 370 2492 sed
395 2429 514 2493 mutari
537 2428 570 2492 in
594 2428 860 2494 annotationibus
884 2429 1048 2493 iusserunt
1071 2425 1256 2492 Bernardus

108 2533 312 2600 Slancanvs
336 2534 480 2600 Venetae
504 2558 532 2600 a
556 2552 905 2601 eloccccnxxxxvnn
930 2536 1033 2600 aditor
1056 2539 1089 2599 et
1113 2535 1256 2619 perversi

107 2642 229 2726 alioqui
258 2642 356 2707 homo
383 2642 494 2708 iudicii
516 2642 541 2708 1.
565 2641 601 2707 B.
625 2642 707 2708 P1vs
735 2643 770 2707 in
793 2642 1028 2707 Mediolanensi
1056 2664 1083 2706 a
1108 2658 1256 2726 c1olo‚e

110 2748 199 2814 ouius
219 2749 459 2814 absurdissimis
480 2771 710 2833 saepenumero
731 2749 924 2816 coniecturis
942 2752 1048 2814 totum
1063 2748 1255 2832 pependisse

107 2854 272 2921 Simonem
296 2853 546 2940 Carpentarium
568 2856 734 2922 hominem
757 2856 853 2942 longe
877 2855 1127 2942 ignavissimum
1145 2855 1167 2919 l.
1186 2878 1210 2919 s.
1231 2877 1255 2919 s.

106 2963 200 3027 docui
214 2986 245 3046 p.
258 2964 324 3028 488
336 2965 392 3044 [=
404 2965 461 3044 76]
473 2985 542 3048 sqq.
569 2960 668 3027 Cuius
682 2966 790 3028 autem
807 2963 838 3026 in
854 2962 1015 3047 plerisque
1031 2961 1150 3026 fabulis
1165 2982 1255 3046 gras·

107 3073 178 3134 sata
196 3074 247 3134 est
271 3069 418 3135 mutandi
441 3069 574 3134 licentia
602 3069 814 3152 incredibilis,
844 3091 903 3134 neo
926 3072 1036 3133 tamen
1060 3090 1098 3132 ea
1121 3073 1254 3152 prorsus

107 3175 321 3260 infructuosa,
360 3176 522 3242 Halous
560 3177 594 3241 in
631 3175 792 3242 Brixiensi
829 3176 905 3242 anni
944 3194 1073 3243 01010V1
1112 3175 1253 3241 editione

107 3283 333 3348 Trinummum
364 3284 493 3367 quidem
524 3285 577 3348 vix
607 3284 732 3368 attigit:
763 3306 822 3349 neo
853 3283 919 3349 lere
949 3284 1054 3368 magis
1085 3284 1140 3368 qui
1168 3282 1252 3347 hune

106 3394 181 3456 sunt
209 3391 312 3456 secuti
339 3388 496 3456 Nicolaus
523 3391 705 3457 Aacnmvs
738 3392 772 3455 in
800 3391 933 3456 Iuntina
969 3413 996 3455 a.
1020 3407 1192 3456 cromxrul
1221 3395 1254 3455 et

106 3498 141 3562 in
163 3496 292 3563 Veneta
315 3520 343 3562 a.
367 3514 532 3564 cloloxxn
558 3499 679 3563 Annvs
704 3520 775 3562 oum
800 3497 955 3563 Asulano.

193 3603 245 3668 lta
277 3625 327 3668 res
356 3604 461 3668 omnis
489 3604 529 3669 ad
556 3603 721 3671 Ioacflffll
749 3602 945 3671 Cannaban
979 3603 1135 3669 nostratis
1165 3623 1254 3689 egre·

105 3711 195 3793 giam
227 3709 421 3776 industriam
454 3733 492 3776 ac
524 3711 718 3777 laudabilem
751 3735 810 3796 pro
849 3712 935 3776 illius
973 3711 1089 3776 aetatis
1127 3709 1253 3775 ratione
1280 3791 1283 3795 ,

105 3816 309 3902 diligentiam
332 3816 462 3882 redacta
482 3822 544 3883 est:
569 3818 624 3903 qui
644 3819 729 3903 quod
754 3841 792 3882 ex
812 3818 992 3883 Basileensi
1012 3818 1088 3882 anni
1108 3835 1252 3884 clo1on11

105 3924 261 4010 editione,
293 3925 430 4009 repetita
462 3925 519 3991 illa
547 3925 678 4010 Georgii
706 3926 848 3991 Fabricii
882 3926 931 3991 sui
960 3925 1050 3991 curis
1076 3923 1195 3989 ibidem
1223 3947 1251 3989 a.

105 4051 298 4116 crorocvnr,
321 4054 439 4097 nomen
462 4033 589 4098 invenit
612 4033 819 4117 sospitatoris
842 4032 967 4117 Plauti,
996 4054 1033 4097 eo
1061 4054 1175 4115 reapse
1199 4054 1250 4096 ea-

106 4141 191 4206 stitit
213 4140 431 4225 dignissimus.
478 4137 577 4204 Cuius
600 4139 705 4204 laudis
730 4140 791 4205 etsi
814 4162 891 4225 pars
922 4141 1077 4224 primaria
1107 4163 1144 4206 eo
1176 4163 1250 4206 con·

104 4247 246 4335 timetur,
271 4245 356 4331 quod
384 4245 685 4330 praestantissimos
714 4245 816 4311 libros
843 4246 1011 4312 Palatinos
1041 4248 1110 4314 ΒΟ
1135 4251 1250 4314 nactus

105 4357 163 4440 est,
186 4358 293 4420 tamen
319 4353 416 4418 etiam
441 4354 497 4418 ubi
521 4353 562 4418 ab
586 4352 638 4418 bis
662 4375 727 4417 non
751 4353 886 4418 haberet
908 4358 1060 4437 paratum
1085 4354 1248 4439 auxilium,

103 4460 225 4546 insigni
254 4481 349 4544 saepe
376 4460 554 4546 sagacitate
581 4460 782 4545 palmarique
810 4459 1032 4526 emendatione
1063 4482 1173 4526 verum
1202 4461 1249 4525 in·
