2910 5010
213 389 216 394 ,
247 329 314 392 680
629 345 862 393 nnuainiscaa
886 347 1011 395 nanas.

247 489 428 574 principem
459 493 604 572 ereptum
636 488 791 573 luximus,
824 484 913 555 cuius
941 492 1015 575 piae
1044 491 1227 557 memoriae
1256 491 1397 557 hodierni

248 596 312 660 (liei
341 594 544 659 sollemnitas
572 601 761 661 consecrata
789 602 851 662 est:
880 620 988 663 rerum
1018 602 1213 664 nostrarum
1238 602 1397 681 statorem,

249 704 527 784 conservatorem,
572 706 744 785 patronum
790 705 1059 789 augustissimum
1107 706 1397 771 clementissimum

249 809 471 873 Famamcvn
504 805 718 872 vaannvn
750 809 809 874 lll.
868 809 1036 896 Fugerunt
1072 815 1246 896 tempora,
1287 814 1398 876 mansit

249 918 421 998 manetque
460 935 525 978 non
563 913 673 979 fucata
709 916 827 1000 pietas,
868 921 964 1003 atque
1001 919 1081 984 adeo
1121 919 1267 1004 singulis
1312 921 1396 984 annis

250 1025 400 1106 augetur3
427 1057 463 1066 -
489 1020 523 1083 in
551 1024 678 1085 mutata
706 1044 813 1087 rerum
838 1024 982 1090 omnium
1011 1025 1118 1108 speeie
1147 1028 1184 1090 et
1213 1027 1398 1092 condicione

251 1130 404 1194 constans
434 1127 467 1190 in
497 1126 660 1193 mentibus
689 1130 812 1194 nostris
840 1130 952 1196 haeret
979 1131 1056 1197 Divi
1089 1131 1195 1217 Regia
1229 1134 1342 1219 imago
1371 1138 1398 1196 et

250 1238 284 1302 in
312 1236 379 1299 dies
407 1233 526 1299 clarius
555 1235 712 1302 enitescit.
759 1237 849 1314 Quae
878 1260 928 1302 res
955 1242 1024 1303 tam
1052 1259 1173 1323 graves
1198 1239 1304 1304 habet
1326 1243 1397 1304 tam-

251 1366 313 1428 que
346 1341 453 1406 varias
492 1362 639 1425 caussas,
680 1343 769 1409 illinc
802 1349 839 1410 nt
871 1345 1064 1411 inexhausta
1097 1345 1230 1411 dicendi
1268 1346 1399 1411 materia

252 1448 381 1535 publico
416 1447 539 1512 oratori
568 1453 728 1532 suppetat
775 1450 866 1516 Talis
894 1452 996 1537 igitur
1024 1452 1166 1518 materia
1196 1452 1400 1538 quemadmo-

252 1557 328 1621 dum
365 1577 423 1639 per
460 1553 643 1638 quindecim
681 1579 839 1622 annorum
876 1558 1139 1641 continuitatem,
1184 1559 1309 1643 quibus
1345 1558 1399 1622 hoc

253 1686 314 1751 ego
342 1680 474 1727 munere
504 1660 642 1746 impiger
670 1663 748 1727 olim
777 1668 810 1728 et
832 1665 962 1749 integer
983 1665 1163 1750 fungebar,
1195 1665 1399 1751 quantamvis

254 1772 370 1837 virium
389 1766 644 1832 mediocritatem
663 1791 770 1833 meam
788 1792 964 1854 numquam
982 1771 1110 1856 defecit,
1133 1774 1193 1837 sed
1214 1773 1303 1838 hanc
1322 1794 1399 1837 com·

253 1877 403 1966 pensavit
426 1876 535 1960 potius
559 1875 706 1959 ingenita
731 1877 878 1942 ubertate
902 1900 970 1961 sua,
993 1878 1041 1943 ita
1064 1901 1131 1945 non
1153 1884 1209 1945 est
1227 1879 1399 1945 verendum

254 2011 294 2051 ne
327 1985 455 2049 futuros
489 1986 634 2047 oratores
668 2004 820 2066 umquam
854 1982 993 2049 deficiat.
1047 1984 1174 2050 Verum
1209 1987 1344 2071 plenam
1373 1990 1401 2048 et

256 2093 357 2177 Regia
381 2091 498 2154 virtute
524 2087 655 2173 dignam
684 2089 905 2156 laudationem
929 2114 992 2175 quo
1016 2091 1122 2156 minus
1145 2094 1288 2177 capiunt
1310 2094 1400 2157 horae

255 2197 434 2283 angustiae,
458 2217 496 2259 eo
520 2195 594 2280 plus
618 2197 834 2262 excusationis
857 2201 1008 2283 paratum
1033 2221 1103 2263 esse
1127 2199 1157 2262 ei
1178 2199 1399 2265 consuetudini

256 2328 364 2390 spere,
393 2325 457 2387 qua
486 2302 625 2386 singulis
651 2303 746 2385 aunis
770 2303 917 2387 singulas
941 2307 1051 2388 partes
1074 2310 1144 2368 tam
1169 2305 1239 2370 late
1263 2307 1400 2389 patentis

256 2409 476 2496 praestantiae
499 2409 641 2474 delibare
665 2409 754 2473 soliti
778 2430 905 2494 sumus,
932 2415 1098 2495 tamquam
1123 2404 1294 2496 quosdam
1314 2415 1400 2478 flores

256 2519 339 2583 unde
363 2517 489 2602 largam
514 2517 684 2601 vivamque
707 2538 861 2582 eoronam
885 2521 1015 2581 vestra
1035 2539 1137 2600 opera
1156 2519 1343 2585 coalescere
1361 2522 1401 2584 iu·

258 2625 386 2691 heretis.
433 2622 501 2689 Nec
524 2624 601 2707 fere,
624 2624 699 2707 quid
724 2624 931 2708 potissimum
955 2624 1211 2709 decerperemus,
1235 2625 1400 2692 dubitandi

259 2730 442 2796 molestiam
467 2751 620 2814 umquam
645 2731 818 2795 sensimus:
843 2731 962 2795 etenim
986 2733 1098 2814 aptum
1122 2733 1339 2815 praedicandi
1361 2734 1399 2797 lo·

258 2862 331 2903 eum
350 2837 684 2919 circumspicientibus
703 2837 774 2920 ipsa
792 2837 981 2920 plerumque
1000 2840 1149 2921 tempora
1169 2846 1402 2921 succurrerunt,

258 2967 394 3030 quorum
415 2943 590 3026 singularis
609 2943 692 3007 ratio
718 2948 750 3007 et
773 2944 919 3009 condicio
943 2948 1029 3008 recte
1053 2950 1205 3010 moneret
1225 2948 1402 3013 commode·

259 3075 321 3137 que
350 3049 587 3136 suppeditaret,
615 3050 706 3115 cuius
724 3049 932 3134 potissimum
953 3054 985 3115 et
1002 3050 1111 3135 regiae
1131 3051 1241 3117 laudis
1261 3059 1296 3118 et
1311 3053 1402 3119 animi

261 3161 395 3224 affectus
427 3157 525 3222 vestri
554 3157 714 3240 interpres
744 3156 881 3220 existere
904 3156 1062 3232 deberem.
1106 3154 1227 3242 Itaque
1251 3160 1316 3224 luit
1337 3183 1402 3224 cnm

259 3266 402 3330 diuturni
431 3263 560 3348 imperii
588 3262 754 3345 praeclare
783 3263 867 3348 gesti
894 3263 1032 3348 gloriam
1060 3265 1094 3327 et
1116 3263 1316 3330 felicitatem
1338 3288 1403 3351 per·

260 3394 475 3457 sequeremur,
498 3371 617 3436 bellica
638 3369 771 3434 fortuna
793 3392 859 3434 non
883 3370 990 3435 minus
1014 3392 1108 3453 quam
1134 3370 1239 3435 animi
1258 3379 1403 3438 constan·

260 3479 307 3543 tia
330 3478 524 3562 quaesitam,
549 3478 582 3543 iu
606 3478 740 3561 ipsaque
764 3477 931 3542 communi
952 3475 1103 3560 Europae
1126 3476 1222 3542 clade
1246 3479 1402 3564 imprimis

261 3584 476 3668 conspicuam.
522 3583 597 3648 Fuit
620 3605 693 3647 eum
721 3583 755 3647 in
779 3582 865 3646 vitae
889 3582 1086 3647 domesticae
1109 3582 1302 3649 innocentia
1325 3609 1403 3652 com·

260 3713 471 3774 moraremur,
494 3691 527 3755 iu
552 3712 679 3755 morum
704 3689 902 3774 integritate,
926 3687 1090 3772 religionis
1114 3689 1341 3777 simplicitate,
1362 3694 1402 3757 in·

262 3800 451 3864 stitutorum
483 3797 707 3863 sanctimonia
753 3794 828 3861 Non
858 3797 957 3860 semel
988 3794 1028 3860 ad
1058 3796 1148 3879 pacis
1176 3801 1266 3863 artes
1297 3822 1403 3884 exspa-

263 3906 336 3971 tiati
361 3927 473 3969 sumus
497 3905 745 3989 litterarumque
761 3904 864 3968 ‘decus
888 3903 959 3987 pari
982 3902 1226 3968 munificentiae
1252 3908 1404 3991 sapientia

262 4012 434 4076 adauctum
459 4013 556 4094 atque
580 4012 806 4092 sustentatum,
829 4009 879 4072 vel
902 4008 1119 4073 institutionis
1143 4009 1297 4093 publicae
1317 4015 1404 4079 bene·

261 4119 333 4183 ficia
357 4117 454 4201 plane
478 4117 667 4200 singularia.
714 4115 897 4200 Aliquando
920 4115 953 4179 in
977 4115 1147 4181 recolenda
1169 4120 1331 4185 memoria
1354 4121 1406 4184 im·

262 4225 393 4291 mortali
418 4245 529 4289 eorum
554 4223 697 4287 virorum
721 4246 833 4288 sumus
857 4221 989 4305 versati,
1011 4221 1128 4306 quibus
1152 4222 1214 4289 Ille
1238 4226 1340 4310 longe
1362 4249 1404 4290 sa·

198 4319 207 4331 ⁰
263 4332 440 4397 luberrimo
466 4332 616 4416 consilio,
640 4331 759 4396 dilectu
784 4334 893 4395 autem
916 4329 1115 4414 felicissimo,
1138 4332 1239 4397 sociis
1264 4335 1406 4400 laborum

264 4439 415 4504 utebatur
438 4438 717 4522 moderandaeque
741 4437 882 4502 civitatis
902 4436 1111 4520 administris,
1133 4441 1172 4500 ut
1187 4438 1408 4522 Altensteiuii,
