3038 5010
277 304 342 368 230
583 319 790 367 nisevrsrro
815 319 861 365 un
886 316 1115 364 cesonianus

212 500 222 521 ι
277 486 342 528 που
367 463 435 527 sine
459 463 568 546 aliquo
592 485 739 526 srreeessu
764 465 797 525 et
819 461 866 525 ita
890 461 1093 526 emendatam
1117 482 1187 525 esse
1211 461 1362 539 arbitror,
1386 466 1423 526 ut

237 597 263 634 a
278 570 406 634 etiamsi
430 571 468 634 de
491 570 581 634 nulla
605 569 814 653 responsione
838 570 992 655 cogitem,
1024 574 1133 634 tamen
1155 589 1222 633 non
1250 567 1362 633 videar
1389 570 1423 633 in

278 677 430 741 tollendis
454 677 612 742 librorum
636 677 724 742 vitiis
748 677 843 741 aliter
867 677 991 742 versari
1014 698 1118 762 posse.
1159 675 1258 741 Mitto
1282 697 1367 740 nunc
1385 698 1425 741 aa

279 784 514 868 commendare,
538 805 712 868 quaecum
735 805 801 848 non
824 783 894 848 leve
918 786 1119 849 momentum
1137 782 1291 868 habeant,
1313 785 1436 849 tamen'

279 915 337 957 sua
367 896 484 976 sponte
512 892 546 957 in
573 891 683 956 oculos
711 891 891 956 incurrunt:
924 894 1141 975 systematum
1169 892 1424 958 concinnitatem

278 1000 329 1064 vel
352 999 443 1064 hiatu
467 999 519 1064 vel
543 998 671 1083 syllaba
694 998 834 1082 ancipite
858 998 909 1063 vel
933 999 1043 1083 aliqua
1066 1000 1211 1065 clausula
1233 1000 1425 1065 terminato-

279 1128 360 1189 rum,
382 1107 679 1190 sententiarumque
699 1106 845 1170 membre
863 1106 931 1171 suis
954 1106 1073 1172 finibus
1092 1111 1321 1172 coartatarum.
1363 1105 1425 1171 Sed

280 1235 361 1297 quae
386 1213 534 1297 inprimis
558 1214 690 1278 criticos
714 1214 871 1277 vexarunt
894 1234 1005 1277 versus
1029 1214 1072 1278 84
1095 1213 1203 1299 verba,
1226 1214 1264 1278 de
1288 1215 1336 1279 cis
1359 1236 1424 1280 non

279 1319 550 1405 improbabiliter,
568 1324 605 1385 ut
627 1323 789 1404 putamus,
812 1319 857 1383 sic
881 1319 1158 1406 ratiocinamur.*)
1168 1370 1426 1388 ......

240 1453 266 1493 υ
370 1426 523 1510 Superest
550 1431 587 1491 ut
613 1426 651 1490 de
678 1425 835 1511 proximis
863 1425 998 1510 dicatur,
1021 1427 1054 1490 in
1078 1425 1195 1510 quibus
1219 1451 1294 1494 cum
1319 1431 1426 1510 βρέμει

281 1534 450 1618 aptissime
470 1534 510 1599 ad
529 1533 623 1598 πεδία
642 1532 809 1616 referatur,
833 1537 968 1598 ποτᾶται
985 1533 1075 1598 nullo
1095 1534 1190 1599 modo
1210 1535 1288 1600 ferri
1307 1540 1428 1621 potest,

281 1642 328 1705 ita
351 1646 388 1706 ut
412 1645 468 1705 ant
491 1664 598 1706 errore
622 1640 767 1705 additum
791 1644 848 1705 eut
871 1640 977 1705 alieno
1001 1641 1072 1706 loco
1090 1640 1249 1707 insertum
1269 1643 1427 1709 videatur.

282 1748 427 1824 Quorum
449 1748 511 1814 hoc
535 1747 665 1835 quidem
688 1749 759 1814 loco
779 1749 941 1833 posterius
960 1772 1021 1813 usu
1040 1749 1175 1834 venisse,
1198 1750 1262 1816 alia
1286 1751 1428 1836 quadam

281 1857 360 1922 licet
382 1858 512 1942 assequi
536 1857 819 1944 argumentatione
843 1879 882 1921 ex
906 1857 1042 1922 metrica
1064 1858 1191 1924 ratione
1215 1858 1327 1942 petita
1365 1858 1429 1935 Qui

282 1964 415 2030 enimv.
435 1965 476 2029 89
497 1962 643 2030 adiectus
666 1968 716 2030 est
738 1964 876 2029 dimetro
896 1963 1086 2030 dochmiaeo
1105 1965 1268 2048 bacchius,
1291 1966 1428 2031 eundern

267 2068 351 2136 'veri
371 2072 476 2136 simile
496 2075 546 2135 est
565 2095 594 2136 v.
614 2072 656 2137 82
676 2070 840 2154 excidisse,
863 2092 959 2155 quem
977 2092 1044 2135 non
1061 2072 1170 2157 inepte
1193 2073 1241 2137 ita
1264 2073 1428 2157 quispiam

283 2179 398 2244 addere
426 2180 544 2263 possit,
574 2184 610 2244 ut
637 2179 763 2243 διώκων
791 2178 965 2263 participio
989 2178 1101 2244 itidem
1125 2180 1312 2265 oppositum
1336 2184 1429 2265 putet

283 2285 420 2350 altemm
445 2285 653 2370 participium
677 2286 825 2365 περάεαε.
861 2286 1069 2352 Probabilius
1092 2289 1201 2352 tamen
1226 2292 1277 2353 est
1297 2287 1363 2353 huc
1382 2310 1429 2353 re·

284 2394 366 2458 ferre
390 2392 477 2457 istud
502 2397 649 2472 ποτᾶται,
679 2394 763 2478 quod
793 2417 831 2459 eo
860 2417 954 2480 quem
978 2417 1063 2460 nune
1086 2399 1175 2461 tenet
1198 2397 1270 2461 loeo
1294 2418 1430 2480 prorsus

283 2501 429 2584 ineptum
464 2499 515 2564 bic
548 2500 755 2583 aptissimum
784 2505 847 2581 est,
879 2502 974 2567 modo
1007 2500 1146 2569 ἄναυδοι
1179 2503 1213 2567 in
1245 2503 1266 2567 ἃ
1299 2501 1429 2568 ’ναυδοι

284 2611 500 2673 convertatur.

282 2761 495 2771 mmo—..—

355 2839 384 2907 *)
408 2838 499 2910 [Hanc
518 2837 774 2908 ratiocinationem,
793 2855 850 2908 qua
867 2838 1037 2894 Ritschelius
1055 2838 1243 2895 coniecturam
1263 2856 1348 2909 supra
1367 2857 1431 2909 pro·

284 2928 405 2998 positam
425 2930 609 2994 ἐλαειδέμνιον
628 2928 699 2982 πεδί’
718 2930 868 3007 ὁπλρκτυπ
887 2930 937 2982 ὠτΙ
957 2929 1081 2997 χρίμπτει
1101 2929 1169 2995 βοάν
1187 2928 1318 2999 firmavit,
1336 2929 1429 3000 Euge-

285 3035 331 3071 rus
358 3018 593 3086 quemadmodum
619 3017 648 3071 in
672 3017 775 3072 scholis
799 3034 817 3071 a
841 3021 1022 3088 praeceptore
1048 3018 1160 3089 publice
1186 3018 1326 3088 prolatam
1352 3035 1430 3074 acce-

285 3106 329 3177 pit
354 3106 410 3162 suis
438 3108 528 3165 verbis
554 3107 584 3162 iu
610 3106 730 3162 latinum
758 3123 913 3163 samonem
941 3106 1087 3162 convertit.
1128 3106 1211 3163 Cuius
1230 3107 1432 3178 disputationis

287 3211 396 3250 summa
422 3197 494 3252 haec
521 3199 571 3252 est.
606 3197 764 3262 Ἐλεδεμνάι
789 3197 925 3252 traditum
951 3196 1100 3267 dupliciter
1122 3214 1179 3253 uon
1203 3214 1264 3252 esse
1289 3213 1431 3268 graecum,

287 3286 525 3341 πεδιοπλόκτυποε
548 3285 716 3342 vocabulum
740 3284 862 3339 mirabili
885 3301 997 3355 prorsus
1020 3287 1050 3340 et
1071 3285 1199 3341 inaudita
1220 3284 1330 3341 ratione
1358 3303 1431 3342 com·

285 3374 417 3445 positum,
439 3391 529 3445 neque
554 3375 680 3430 sufficere
699 3374 852 3430 Hermanni
871 3375 962 3443 (elem.
982 3374 1008 3428 d.
1027 3376 1108 3431 metr.
1128 3393 1154 3445 p.
1174 3379 1237 3444 269)
1259 3376 1331 3431 πεδί’
1350 3379 1432 3430 ὁπλο-

286 3466 397 3532 κτύποτ,
417 3481 480 3519 eum
499 3472 612 3520 κτυπεῖν
626 3465 704 3520 nullo
723 3464 806 3519 medo
821 3464 914 3519 activa
933 3463 1138 3535 significatione
1156 3464 1212 3520 dici
1231 3464 1331 3535 pessit:
1351 3481 1430 3535 prae-

286 3554 364 3607 terea
383 3554 433 3619 βοά
452 3554 593 3610 constanti
611 3555 756 3624 poetarum
777 3571 829 3609 usu
844 3553 995 3616 clamorem
1009 3554 1143 3609 denotare
1156 3571 1208 3609 nec
1222 3556 1318 3610 tamen
1333 3557 1430 3625 aptum

286 3658 346 3696 esse
366 3642 402 3697 ad
422 3644 586 3712 equinarum
606 3643 752 3713 strepitum
768 3644 934 3714 ungularum
953 3643 999 3698 vel
1018 3660 1158 3698 armorum
1177 3642 1326 3699 stridorem
1345 3643 1429 3715 signi·

286 3731 439 3787 ficandum:
459 3732 578 3802 denique
592 3750 704 3803 prorsus
718 3751 774 3788 non
789 3732 926 3803 intellegi,
945 3749 994 3787 cur
1008 3734 1139 3803 strepitus
1154 3732 1235 3787 iatius
1249 3732 1430 3804 descriptioni

286 3822 367 3874 tanta
381 3819 520 3876 tribuatur
533 3821 584 3889 vis,
598 3824 630 3875 ut
644 3837 694 3892 per
707 3824 764 3876 tres
774 3821 915 3892 pertineat
924 3819 1061 3876 enuntiati
1071 3823 1173 3891 partes.
1194 3824 1225 3876 lu
1236 3822 1430 3877 emendatione

286 3925 353 3964 vero
367 3909 598 3980 proficiscendum
613 3926 673 3965 esse
684 3910 720 3964 ab
735 3910 904 3981 optimorum
918 3910 1053 3966 librorum
1069 3910 1207 3980 scriptura
1220 3910 1246 3965 τί
1261 3911 1431 3980 χρίμπτεται,

286 4016 344 4067 qua
362 4001 413 4053 ὠτΙ
428 4000 543 4071 vulgato
558 4002 606 4055 ὠιί
620 4000 832 4071 praeferendum
847 4000 1069 4069 commendetur;
1088 3999 1320 4069 depravationem
1334 4003 1429 4056 autem

288 4088 368 4142 huius
387 4090 504 4144 voculae
524 4090 559 4146 ad
578 4090 703 4161 proxime
722 4089 797 4159 quod
816 4088 957 4145 antecedit
970 4089 1138 4145 vocabulum
1156 4086 1322 4158 pertinuisse
1340 4089 1383 4144 ita
1401 4091 1430 4143 ut

288 4179 359 4233 πεδί’
381 4181 533 4234 ὁπλόκτυπ’
555 4179 684 4235 videatur
707 4180 841 4251 scriptum
864 4178 950 4234 fuisse
970 4176 1138 4247 antiquitus3
1164 4177 1272 4246 reliqua
1290 4177 1348 4233 fere
1367 4196 1440 4242 con<

289 4267 409 4322 nectaria
428 4284 488 4323 esee
507 4273 536 4324 et
560 4271 611 4336 βοά
635 4270 664 4325 in
689 4272 756 4336 βοάν
780 4269 943 4325 mutandum
968 4269 998 4323 et
1019 4270 1164 4334 ἐλεδεμνὰ(
1186 4267 1216 4322 in
1238 4268 1429 4335 ἐλαειδέμνιον,

290 4373 340 4426 pro
359 4373 414 4425 quo
433 4356 564 4413 librarius
587 4361 744 4426 ἐλεδέμνιον
767 4359 906 4415 invenerit
927 4359 957 4414 et
979 4376 1010 4413 oc
1029 4357 1149 4428 margini
1167 4356 1321 4426 ascriptum
1340 4356 1430 4412 alieno

290 4445 352 4501 loco
370 4445 577 4517 interposuerit.
615 4448 642 4505 C.
662 4449 721 4521 W.]
