2910 5010
327 347 625 395 GRATULATIONEN
649 349 722 395 UNI)
746 335 954 397 ilHNLICHES.
1149 335 1212 397 715

69 492 120 555 νο]
144 514 226 576 quae
250 490 439 556 Aristotelis
463 491 564 555 vorba
587 496 663 556 sunt
693 490 769 556 dccv
792 492 823 556 οἱ
846 495 963 558 ζῶντε(
986 497 1053 557 τῶν
1075 494 1211 558 τεθνεώ-

68 621 142 664 των.
190 597 312 674 Quodsi
343 598 452 662 animo
481 599 675 682 impressum
699 603 731 663 et
754 604 920 683 tamquam
944 599 1143 683 insculptum
1166 604 1211 664 te·

68 705 200 786 nebitis,
229 725 294 767 non
318 727 479 785 veremur,
507 727 548 769 ne
577 727 615 768 ex
642 707 682 769 iis
707 729 844 791 quarum
868 705 933 769 iam
957 706 1050 770 vobis
1074 705 1211 771 iudicem

70 812 227 876 tradimus
252 809 371 875 scholis
396 831 462 874 non
486 810 695 893 pulcherrimi
718 812 843 876 fructus
868 812 908 876 ad
930 834 985 876 vos
1005 816 1081 876 sunt
1100 812 1213 877 redun-

68 917 183 982 daturi.
228 917 353 983 Valete.

205 1185 241 1269 b)
264 1185 319 1249 lm
342 1186 586 1251 Prooemium
611 1185 675 1249 des
700 1184 962 1251 Sommersem.
992 1188 1075 1252 1840

273 1327 325 1414 (de
348 1328 478 1413 gemino
502 1329 589 1392 exitu
615 1329 755 1392 Andriae
779 1326 1012 1415 Terentianae).

88 1546 91 1554 Ι
158 1471 265 1554 Atque
293 1470 372 1534 haec
400 1470 538 1554 praefati
566 1493 690 1553 sumus,
723 1476 759 1534 ut
787 1470 854 1533 fere
883 1471 920 1533 fit
943 1470 977 1534 in
1000 1470 1062 1535 hoc
1085 1493 1212 1555 genere,

68 1580 106 1643 τὸ
136 1581 193 1656 μὲν
221 1578 385 1657 πάρεργον
415 1578 511 1657 ἔργον
536 1579 579 1642 ὣ(
604 1579 804 1658 ποιούμενοι,
827 1578 864 1642 τὸ
889 1576 918 1640 δ’
940 1577 1038 1656 ἔργον
1061 1577 1107 1642 ὡ(
1130 1578 1209 1657 πάρ-

69 1706 165 1763 εργον
188 1684 427 1761 ἐκπονούμενοι.
473 1683 592 1749 Restat
615 1684 715 1767 enim,
744 1688 781 1749 ut
804 1683 912 1767 vobis,
940 1685 1100 1749 carissimi
1126 1708 1213 1751 com-

68 1790 241 1876 militones,
265 1791 449 1857 scholarum
472 1813 529 1874 per
552 1790 636 1856 hanc
660 1813 742 1876 quae
766 1792 868 1854 instat
891 1793 1050 1855 aestatem
1074 1793 1107 1856 in
1127 1793 1211 1858 alma

69 1900 266 1983 optimarum
300 1898 418 1962 artium
452 1898 526 1962 sede
558 1903 671 1963 nostra
703 1896 925 1963 habendarum
958 1898 1096 1963 indicem
1127 1921 1213 1963 com·

69 2005 268 2088 mendemus,
301 2027 341 2068 ex
369 2026 406 2069 eo
435 2005 496 2087 uti,
530 2027 611 2089 quae
641 2005 779 2069 maxime
802 2005 836 2068 in
860 2011 1004 2069 vestrum
1027 2028 1122 2069 usum
1146 2027 1213 2070 non

69 2111 238 2176 videantur
262 2133 347 2195 esse,
370 2111 425 2176 sed
449 2133 523 2176 uere
547 2112 627 2196 sint,
650 2111 818 2196 deligatis,
841 2117 992 2198 rectoque
1016 2111 1135 2176 iudicio
1159 2112 1212 2176 de·

68 2219 161 2283 lectis
184 2224 271 2284 recte
294 2218 457 2283 fruamini.
490 2217 561 2295 Quo
580 2219 708 2302 quidem
727 2240 840 2283 cavere
858 2220 1017 2303 volumus,
1040 2240 1211 2284 neverum

69 2348 162 2389 usum
191 2347 264 2389 eum
292 2327 427 2408 putetis,
461 2325 515 2409 qui
540 2325 579 2388 ad
604 2325 690 2390 vitae
714 2326 921 2410 quotidianae
946 2326 1014 2389 sive
1038 2324 1212 2390 commodi-

69 2438 154 2497 tates
178 2433 244 2496 sive
267 2431 479 2496 necessitates
503 2436 642 2515 spectet,
669 2453 733 2496 neu
761 2454 931 2516 perperam
955 2431 1212 2516 interpretemini

69 2539 152 2623 quod
177 2539 269 2603 aiunt
291 2539 376 2601 vitae
400 2559 479 2620 esse,
502 2559 569 2601 non
593 2537 723 2602 scholae
747 2538 941 2603 discendum.
982 2538 1102 2603 Veram
1127 2539 1212 2602 enim

69 2652 102 2711 et
126 2651 300 2727 aeternam,
324 2666 407 2728 quae
431 2666 447 2707 e
471 2644 600 2709 liberali
623 2644 807 2709 litterarum
830 2645 1026 2710 tractatione
1046 2643 1213 2727 redundat,

69 2753 245 2817 utilitatem
274 2755 469 2829 mementote
500 2772 571 2814 eam
600 2771 685 2833 esse,
712 2757 749 2814 ut
775 2751 866 2815 fonte
895 2751 1003 2815 divino
1031 2756 1212 2834 prognatus

69 2859 196 2924 animus
229 2857 408 2941 ingenitam
442 2857 584 2920 indolem
616 2857 787 2922 nutriendo
826 2858 874 2922 sui
913 2858 1050 2921 similior
1083 2857 1212 2922 evadat:

69 2991 133 3051 quo
171 2965 290 3030 artium
326 2964 573 3048 litterarumque
604 2965 665 3028 lux
699 2963 809 3028 divina
841 2965 876 3028 in
909 2964 1039 3049 singula
1071 2963 1212 3028 civitatis

70 3073 216 3138 membra
239 3075 393 3156 tanquam
417 3073 524 3136 anima
543 3072 713 3156 permanet
732 3071 819 3135 vitae
842 3071 986 3136 effectrix
1010 3076 1044 3136 et
1067 3070 1212 3135 modera-

69 3181 135 3244 trix
159 3180 352 3263 virtutisque
375 3201 493 3263 parens
518 3184 551 3243 et
574 3179 744 3262 magistra.
789 3176 915 3242 Valete.

561 3375 720 3383 ———-

213 3517 243 3601 c)
266 3517 320 3582 Im
343 3494 585 3582 Prooemium
611 3519 675 3583 des
700 3515 960 3581 Summersem.
986 3517 1068 3581 1841

337 3657 390 3744 (de
413 3659 522 3724 Plauti
545 3660 738 3745 cognomine
763 3656 949 3740 ‘Asinius’).

159 3801 290 3884 Denuo,
319 3801 574 3884 commilitones,
597 3801 648 3865 vel
671 3823 711 3865 ex
732 3801 794 3866 hac
817 3799 1095 3883 disputatiuncula
1118 3799 1213 3863 aesti-

71 3906 214 3991 mabitis,
238 3908 314 3992 quid
339 3907 470 3973 sitnon
493 3908 596 3972 dicam
621 3908 751 3973 criticae
775 3908 838 3973 arti
861 3906 1082 3970 tribuendum:
1115 3928 1211 3990 quam

71 4013 144 4097 quis
173 4016 241 4077 tam
265 4013 364 4077 hebes
389 4017 439 4078 est
462 4017 497 4078 et
519 4017 686 4099 tamquam
709 4014 880 4099 plumbeus
905 4013 982 4098 quin
1006 4013 1121 4078 merito
1146 4035 1212 4076 sus·

70 4119 185 4203 piciat:
218 4119 273 4183 sed
306 4120 336 4184 ei
365 4120 452 4204 parti
480 4120 568 4184 illius
598 4122 676 4185 artis
705 4142 786 4206 quae
816 4125 978 4186 scrutatur
1006 4119 1152 4204 syllabas
1180 4122 1213 4182 et
1273 4108 1277 4116 ⁵

71 4225 179 4309 apices
208 4226 354 4291 rimatur.
401 4227 504 4303 Quam
532 4229 592 4291 etsi
621 4249 687 4291 non
715 4249 887 4312 possumus
918 4228 1062 4312 profiteri
1093 4247 1212 4309 omnes,

70 4337 181 4397 tamen
204 4331 382 4396 curandum
406 4336 456 4397 est
478 4337 515 4397 ut
533 4355 605 4397 cum
625 4356 672 4417 eo,
696 4355 758 4418 quo
778 4356 859 4417 opus
879 4335 932 4419 sit,
954 4339 1211 4418 temperamento

71 4439 113 4505 ad
136 4461 196 4503 sua
219 4439 355 4524 quisque
379 4441 486 4505 studia
508 4441 726 4505 transferatis.
