2986 5010
246 325 313 388 414
535 343 796 393 suousuonuns
820 343 867 390 oa
891 343 1102 392 asmoursvs

246 484 303 549 sed
325 485 552 552 introductam.
598 484 660 552 Sed
684 486 725 552 ab
747 487 777 550 ei
803 486 905 551 dativi
928 509 1081 552 mensura
1103 487 1278 571 spondiaca
1301 508 1394 572 pror·

247 615 301 657 sus
325 614 395 658 esse
418 593 637 679 segregandas
659 593 730 658 haic
752 597 786 658 et
807 595 881 675 quoi
902 594 1025 659 formas
1048 593 1223 679 contendo,
1252 616 1336 678 quas
1359 595 1396 659 in

246 699 326 765 duas
358 700 504 785 syllabas
537 700 709 766 distractas
742 723 812 766 ease
844 702 940 786 plane
971 723 1070 788 nego,
1102 700 1220 765 nedum
1248 704 1286 765 ut
1308 701 1396 766 bsciic
1432 735 1435 739 ·

245 806 372 892 quast)
396 808 593 892 scripturam
620 809 689 874 ulla
710 809 836 874 ratione
859 809 921 874 niti
944 808 1127 875 concedam.
1172 808 1222 874 Ac
1244 808 1284 872 de
1308 809 1398 891 quoi

245 915 436 998 pronomine
459 914 705 981 Fleckeisenum
728 916 842 981 Exere.
865 915 973 982 Plaut.
999 938 1030 1000 p.
1053 916 1096 980 36
1124 938 1257 1000 prorsus
1282 917 1396 1001 opinio

246 1020 377 1086 fefellit:
401 1020 487 1107 quod
511 1044 577 1088 non
599 1023 706 1107 magis
730 1022 885 1106 producta
909 1045 1007 1108 quam
1026 1025 1174 1107 correpta
1191 1022 1397 1107 paenultima

247 1150 402 1214 umquam
425 1128 622 1213 bisyllabnm
645 1128 717 1194 fuit
764 1126 824 1194 Cui
848 1129 904 1194 ille
929 1129 1075 1215 opinioni
1098 1129 1287 1215 probandae
1311 1152 1397 1214 quae

248 1234 575 1320 exAu1.11‚2,12.
613 1235 703 1302 Cure.
726 1234 783 1321 IV,
805 1237 837 1321 4,
863 1237 890 1300 1.
926 1236 1011 1301 Men.
1034 1235 1180 1321 111,2,9.
1218 1235 1309 1302 Trin
1329 1238 1397 1301 604

123 1363 233 1404 csxxn
247 1342 394 1426 exempla
421 1341 582 1424 adhibuit,
614 1343 717 1407 allata
744 1343 858 1426 miror,
889 1346 927 1406 ut
957 1343 993 1406 in
1020 1343 1137 1427 quibus
1167 1344 1241 1425 quoi
1270 1343 1395 1408 homin-i

247 1450 418 1515 verborum
440 1453 507 1514 tres
531 1448 676 1533 syllabas
698 1449 823 1533 primae
846 1449 898 1513 vel
916 1451 989 1531 quoi
1005 1471 1056 1533 epo
1075 1447 1188 1535 (stiam
1205 1448 1294 1514 Trin.
1310 1448 1392 1536 876)

246 1556 445 1623 tribrachum
469 1556 580 1621 eadem
603 1556 730 1621 ratione
753 1555 896 1620 efficiant
914 1578 979 1641 qua
997 1547 1046 1621 nsi
1066 1556 1166 1634 babet,
1188 1546 1218 1621 si
1237 1578 1300 1639 epo.
1328 1557 1392 1622 His

246 1685 353 1728 errore
381 1665 519 1729 mixtum
541 1663 698 1729 Rudentis
722 1685 851 1728 versum
875 1661 932 1746 IV,
955 1662 990 1746 5,
1013 1664 1033 1728 3
1060 1663 1130 1747 ipse
1157 1684 1226 1729 non
1253 1664 1393 1750 negabit

246 1772 292 1837 sic
314 1772 514 1837 metiendum
538 1793 622 1836 esse:

302 1988 304 1991 ,
336 1912 431 1980 Satin
454 1915 482 1979 si
505 1914 582 1999 quoi
605 1913 730 1979 homini
754 1913 790 1978 di
811 1935 881 1978 esse
904 1913 1110 1978 benefactum
1132 1911 1257 1978 uolunt

247 2025 493 2142 Amphitruonis
512 2056 544 2142 Ι,
558 2058 588 2141 3,
610 2058 653 2122 22
676 2079 741 2123 uno
764 2056 908 2141 reposito
931 2055 1002 2119 hsce
1024 2076 1082 2139 pro
1104 2055 1167 2134 boc,
1189 2056 1394 2140 transposito

246 2163 344 2229 verbo
368 2165 467 2249 nullo,
490 2164 645 2230 facillime
668 2165 713 2230 sic
736 2165 950 2230 instauratur:

336 2305 422 2382 Quoi
443 2328 504 2392 ego
528 2308 594 2373 iam
618 2307 699 2372 hose
722 2305 875 2393 scipione.
908 2307 961 2372 Ah
984 2307 1062 2371 noli.
1093 2305 1228 2371 Muttitc
1253 2308 1367 2373 modo:

246 2445 325 2531 (nisi
349 2450 500 2533 ¹praestat
528 2437 623 2531 Que'iu
651 2471 716 2533 epo,
747 2451 880 2515 tametsi
909 2450 943 2514 in
966 2449 1000 2514 B
1030 2453 1081 2513 est
1103 2449 1247 2532 Quelcpa
1280 2451 1315 2515 in
1338 2450 1393 2515 Da

247 2553 423 2641 Quodlepol.
446 2556 634 2622 Aululariae
657 2556 699 2639 ll,
723 2558 752 2641 8,
776 2557 819 2622 26
843 2579 908 2622 uon
931 2560 981 2620 est
1003 2555 1215 2620 dubitandum
1240 2559 1321 2643 quin
1344 2556 1392 2645 (et

245 2661 353 2726 versui
385 2662 514 2747 quidem
547 2664 591 2729 25
620 2661 841 2750 praepositus)
870 2663 979 2728 addito
1011 2668 1043 2728 lu
1072 2663 1118 2729 sic
1145 2663 1276 2728 demum
1305 2667 1392 2730 recte

245 2769 413 2855 procedat:

405 2912 489 2990 Quoi
513 2918 549 2979 tu
572 2911 664 2979 inre
687 2914 749 2979 tali
772 2914 838 2979 iam
862 2912 1043 2979 subuenisti
1067 2911 1231 2978 antidhac.

245 3055 442 3122 Bacchidum
465 3056 512 3141 ΙΙ,
535 3058 570 3140 2,
593 3058 635 3122 47
667 3079 722 3122 aec
752 3079 803 3140 epo
834 3059 1001 3140 prcor'qcam
1033 3054 1221 3123 Hermanno
1250 3057 1391 3123 Bothins

245 3163 397 3246 praeivit:
429 3165 539 3230 eodem
563 3164 632 3228 iure
656 3164 753 3229 scribi
777 3169 835 3229 aut
857 3184 910 3228 aec
932 3165 1098 3246 ᾳασὶφιαηι
1119 3163 1239 3230 frontini
1260 3167 1393 3250 poterit,

245 3272 303 3333 aut
329 3268 483 3355 fortasse,
515 3292 588 3335 curn
615 3271 649 3335 in
673 3270 706 3334 B
734 3271 849 3336 lacuna
877 3293 894 3334 e
923 3292 1037 3335 rasura
1064 3275 1137 3336 orta
1165 3274 1241 3337 ante
1261 3293 1319 3337 rrae
1341 3273 1393 3356 sit

246 3376 294 3441 sic
316 3377 440 3462 potius:

334 3519 477 3586 Domist:
500 3542 564 3586 non
587 3525 697 3586 metuo
720 3520 800 3584 hailai
821 3540 881 3584 nec
904 3520 1080 3605 quoiquam
1104 3520 1261 3604 supplico.

244 3662 391 3748 Denique
414 3665 448 3729 in
467 3664 620 3729 Asinaria
643 3663 699 3747 qui
723 3661 907 3745 corruptela
930 3684 1044 3728 vacare
1067 3662 1127 3728 hos
1152 3684 1265 3728 versus
1289 3663 1390 3729 credi·

244 3771 328 3836 derit
351 3771 408 3856 lv,
434 3774 462 3855 1,
485 3773 537 3838 33.
561 3772 619 3837 34:

334 3912 549 4000 Spectandum
572 3937 613 3979 ne
636 3913 713 3998 quoi
739 3913 871 3978 anulum
896 3912 950 3978 det
972 3935 1076 3999 neque
1099 3918 1202 4000 roget,

333 4023 433 4088 Tales
456 4045 496 4088 ne
520 4024 695 4107 quoiquam
717 4019 844 4085 homini
868 4020 1043 4086 admoueat
1064 4021 1130 4086 nisi
1153 4021 1229 4086 tibi:

243 4189 321 4232 num
345 4166 420 4232 illos
445 4187 571 4251 quoque
594 4165 745 4231 defendat
768 4164 952 4249 quaerimus
975 4165 1030 4249 qui
1053 4163 1253 4249 praecedunt
1271 4165 1392 4255 3031:

349 4380 375 4450 ⁹)
396 4380 448 4452 [Do
467 4379 544 4451 quoii
561 4378 701 4449 scriptura
717 4378 748 4433 iu
766 4377 876 4448 legibus
894 4377 999 4433 saeculi
1008 4376 1060 4432 VII
1078 4374 1219 4446 frequenti
1237 4376 1275 4434 cf.
1290 4376 1394 4448 Opusc.

243 4468 400 4540 phillip.
420 4475 471 4523 421
483 4487 524 4538 sq.
543 4469 666 4540 itemque
685 4466 776 4522 Trin²
794 4486 820 4524 v.
840 4473 900 4524 ³⁶8.
920 4472 980 4523 obe.
1000 4467 1073 4539 bot]
