2910 5010
348 336 641 384 aaaruuurronnu
665 338 738 383 uuo
762 324 971 382 lnuurcnas.
1170 319 1232 382 719

93 481 192 546 minis
217 480 421 564 splendorem
447 479 607 544 scribendi
632 478 931 563 commentandique
956 500 1087 561 operam
1112 483 1145 542 et
1168 483 1233 542 stu·
1282 461 1284 474 ’

92 587 180 651 dium
205 609 298 651 suum
323 608 416 652 omne
439 585 588 650 contulit
634 584 758 650 Valete.

583 784 741 791 ——-—

211 904 248 991 k)
271 904 325 969 lm
349 905 616 970 Prooemiuum
641 904 705 969 des
729 902 991 970 Sommersem.
1017 906 1110 971 1846.

179 1047 315 1112 interim
347 1048 449 1111 valete
478 1052 511 1112 et
538 1070 597 1111 nos
621 1052 743 1130 amate,
772 1047 954 1132 oblatisque
978 1049 1159 1113 studiorum
1183 1068 1234 1110 ve-

91 1159 233 1219 strorum
264 1153 467 1218 adminiculis
499 1157 531 1218 et
561 1153 786 1218 instrumentis
817 1153 864 1217 ita
895 1154 1023 1219 utimini
1054 1158 1103 1237 ut,
1137 1176 1233 1238 quam

92 1263 227 1345 quisque
256 1262 306 1325 vel
334 1261 420 1325 norit
443 1260 494 1323 vel
517 1260 661 1325 nondum
691 1260 771 1324 satis
800 1262 889 1326 norit
912 1265 1031 1344 artem,
1058 1261 1091 1324 in
1117 1261 1177 1325 hac
1202 1283 1235 1324 se

92 1372 220 1431 strenue
244 1372 400 1432 exerceat.
672 1355 676 1362 ¹

216 1632 240 1719 l)
264 1634 320 1698 Im
343 1632 584 1698 Prooemium
608 1633 672 1696 des
697 1631 940 1698 Wintersem.
967 1634 1113 1717 1848s49

286 1773 339 1861 (de
362 1775 485 1840 lacunis
508 1773 715 1862 Trinummi);
739 1775 1049 1860 Anfangsworte.

181 1916 378 1983 Litterarum
407 1917 516 1982 studia
544 1918 711 2002 quoniam,
745 1921 782 1981 ut
811 1918 857 1981 ait
879 1918 946 2001 ille,
979 1918 1232 1982 adulescentiam

92 2024 197 2108 alunt,
230 2028 426 2089 senectutem
456 2024 635 2108 oblectant,
667 2024 823 2088 secundas
852 2046 902 2088 res
930 2029 1061 2107 ornant,
1092 2023 1235 2088 adversis

91 2131 274 2216 perfugium
299 2153 336 2195 ac
360 2131 513 2195 solatium
537 2131 710 2215 praebent,
733 2130 895 2195 delectant
919 2131 1022 2214 domi,
1044 2153 1110 2196 non
1133 2131 1236 2214 impe-

92 2237 186 2302 diunt
209 2237 299 2320 foria,
321 2242 515 2319 pernoctant
538 2238 717 2321 nobiscum,
740 2238 997 2322 peregrinantur,
1020 2237 1236 2302 rusticantur:

90 2365 159 2409 non
182 2349 232 2408 est
254 2366 311 2408 cur
333 2345 435 2408 veteri
460 2348 556 2428 atque
580 2345 713 2429 antiqua
733 2345 963 2410 consuetudine
983 2347 1097 2411 relicta
1116 2345 1166 2408 vel
1184 2344 1236 2408 his

91 2451 310 2533 temporibus,
347 2451 463 2534 quibus
501 2451 534 2514 in
567 2450 759 2515 vindicanda
791 2451 943 2518 libertate
976 2451 1235 2534 illustrandaque

91 2557 199 2640 patria
222 2557 365 2621 omnium
390 2561 423 2621 et
446 2557 555 2621 oculos
579 2561 613 2620 at
636 2558 761 2621 animos
785 2559 906 2622 defixos
931 2536 1085 2642 videnius,
1109 2557 1237 2622 aliunde

92 2664 156 2727 nisi
181 2685 198 2727 e
222 2663 446 2727 communibus
470 2664 520 2727 vel
544 2684 645 2746 prope
669 2664 893 2728 communibus
914 2664 1033 2728 litteris
1054 2665 1121 2729 eius
1142 2685 1238 2748 argu·

93 2774 239 2833 mentum
262 2769 473 2852 praefationis
497 2774 659 2853 petamus,
690 2792 753 2854 qua
777 2771 961 2834 scholarum
986 2792 1042 2854 per
1065 2771 1237 2854 insequens

93 2882 248 2942 semestre
277 2878 417 2960 spatium
446 2875 667 2940 habendarum
695 2875 895 2940 fructuosam
923 2876 1016 2941 vobis
1046 2876 1237 2941 varietatem

93 2984 365 3063 commendamus.
416 2982 616 3047 Revocamus
649 2986 757 3046 autem
790 3004 848 3046 vos
882 2982 922 3046 ad
954 2982 1107 3046 festivum
1140 2987 1239 3065 caput
1292 3010 1296 3016 ·

92 3091 183 3155 illius
207 3094 330 3175 poetae,
354 3089 409 3174 qui
433 3111 505 3153 cum
529 3088 676 3153 crebram
700 3089 893 3172 praebuerit,
915 3093 986 3153 tum
1010 3090 1236 3154 inexhaustam

93 3197 232 3281 praebet
255 3195 488 3281 praebebitque
512 3195 751 3260 commentandi
774 3195 954 3260 materiam.

229 3516 276 3602 ru)
300 3516 355 3580 lm
378 3516 621 3580 Prooemium
645 3517 709 3580 des
735 3514 994 3581 Somnrersem.
1021 3517 1105 3582 1850

397 3656 450 3743 (da
474 3657 576 3723 Stichi
600 3659 703 3722 veteri
725 3658 945 3745 retractione).

185 3797 292 3883 Atque
323 3797 403 3865 haec
431 3823 521 3865 more
545 3801 703 3866 maiorum
727 3802 923 3885 prolusimus
947 3800 1132 3865 scholarum
1157 3823 1238 3884 quae

93 3904 191 3968 vobis
215 3906 393 3970 offeruntur
416 3907 663 3990 renuntiationi,
694 3927 759 3990 quo
783 3906 889 3971 denuo
912 3908 1124 3990 moneamini,
1153 3907 1237 3991 quod

95 4031 169 4075 csse
191 4033 352 4076 summurn
376 4013 411 4077 in
434 4013 593 4078 discendis
617 4013 738 4078 litteris
762 4018 928 4097 putamus,
952 4017 1050 4077 utne
1073 4013 1150 4098 quid
1173 4035 1238 4076 cre·

93 4117 181 4182 datis
211 4124 344 4184 temere:
377 4142 442 4185 non
472 4121 528 4205 qui
559 4127 680 4185 temere
710 4121 749 4185 da
780 4120 988 4205 quibuslibet·
1004 4121 1152 4185 dubitare
1181 4142 1238 4185 vos

92 4225 274 4309 iubeamus,
297 4227 352 4290 sed
376 4249 449 4291 cum
475 4228 602 4293 ratione
626 4228 774 4293 dubitare
798 4227 836 4290 de
856 4227 1005 4291 omnibus
1024 4229 1112 4312 prius
1133 4249 1240 4311 quam,

93 4353 178 4414 quae
207 4329 440 4397 dubitationem
469 4354 534 4396 non
562 4334 681 4398 habere
710 4334 947 4417 intellexeritiS,
976 4337 1062 4399 recte
1091 4334 1239 4398 credatis.

93 4436 223 4501 Valctc.
