2992 5004
416 339 682 389 sununsmours
707 340 913 389 Pnsvunsn.
1179 326 1243 392 367

95 483 222 547 discis
240 483 480 567 persequendis.
517 483 566 549 Ac
585 484 739 550 metricae
757 484 1033 570 prosodiacaeque
1052 486 1131 552 artis
1150 484 1245 565 Pleu<

94 590 185 654 tinae
213 589 384 655 universae
413 613 509 676 quam
538 595 571 656 et
598 591 700 658 debeo
727 592 904 657 lectoribus
932 597 965 658 et
988 592 1109 658 dudum
1131 593 1245 677 paravi

94 697 217 763 iustam
241 698 435 782 plenamque
459 699 713 784 enarrationem,
742 704 812 764 tum
835 699 927 764 edam
952 722 1025 766 cum
1049 700 1175 785 aliquot
1196 699 1244 765 fa-

94 806 245 871 bularum
277 805 538 871 emendationem
570 807 753 873 absolvero:
787 831 807 873 a
838 829 902 891 quo
934 811 1101 892 tamquam
1130 806 1243 872 fundu·

95 917 212 980 mento
229 914 395 998 profectus
424 914 663 980 molestissimis
691 914 728 979 de
753 915 958 1001 singulorum
981 916 1125 980 locorum
1145 913 1244 999 scrip-

94 1027 170 1086 tura
188 1021 463 1106 disputationibus
483 1022 708 1108 supersedebo,
732 1024 800 1088 sine
820 1024 938 1109 quibus
957 1045 1043 1088 nunc
1065 1021 1244 1088 illiusmodi

93 1128 177 1193 nihil
205 1130 341 1194 tractari
370 1134 476 1214 queat.
521 1129 637 1215 Itaque
664 1130 904 1215 inpraesentia
927 1131 1091 1216 etcapita
1113 1134 1243 1196 tantum

95 1236 144 1300 rei
174 1237 393 1321 perstringam
427 1242 460 1303 et
486 1236 669 1303 Trinummi
701 1238 909 1324 potissimum
942 1238 1060 1303 finibus
1089 1252 1147 1303 me'
1168 1259 1243 1303 con·

93 1341 215 1408 tinebo.
252 1343 375 1421 Quodsi
395 1366 528 1429 operam
546 1367 653 1411 meam
677 1367 806 1411 omnem
830 1368 942 1412 eorum
966 1345 1041 1411 volo
1065 1343 1138 1409 rudi
1160 1345 1244 1409 iner-

93 1450 160 1514 tiae
189 1451 375 1535 oppositam
406 1474 475 1518 esse
507 1452 577 1538 qui,
608 1457 646 1518 ut
674 1452 856 1518 Hermanni
886 1452 985 1518 verba
1015 1474 1088 1518 mea
1115 1452 1243 1537 faciam,

93 1557 264 1624 devoratas
289 1560 475 1626 cumomni
499 1560 648 1645 squalore
673 1583 781 1626 sacras
805 1560 1011 1625 membranas
1035 1564 1068 1625 et
1086 1581 1242 1644 procusos

95 1665 137 1731 ab
161 1688 230 1731 sese
254 1667 468 1752 confragosos
490 1689 643 1734 numeros
663 1668 733 1732 siue
753 1666 911 1733 cruditate
930 1671 1149 1751 concoquunt:
1173 1667 1242 1732 eius

98 1773 144 1837 rei
169 1796 249 1858 ques
272 1774 417 1840 rationes
440 1773 593 1860 habeam,
620 1797 693 1841 cum
718 1797 818 1859 supra
840 1774 1022 1860 significavi
1049 1775 1155 1858 capite
1183 1791 1244 1858 vn,

93 1883 165 1945 tum
188 1880 267 1946 olim
288 1881 324 1945 in
347 1881 487 1966 epistula
509 1881 568 1947 ille
589 1881 827 1948 Mediolanensi
850 1881 1016 1966 explicavi,
1038 1883 1109 1946 tum
1132 1881 1243 1965 paullo

93 1987 225 2053 uberius
249 1989 296 2054 eis
319 1992 507 2074 persecutus
536 2012 608 2054 sum
631 1990 750 2074 quibus
774 1993 807 2054 et
828 1988 937 2073 legere
960 1992 993 2053 et
1015 2009 1127 2053 versus
1151 2009 1244 2054 scan-

93 2096 168 2161 dere
186 2098 386 2164 nescientem
403 2098 513 2162 nescio
534 2119 597 2182 quo
613 2118 763 2162 successu
777 2117 882 2179 nuper
897 2098 1033 2161 conatus
1047 2119 1120 2161 sum
1135 2096 1243 2180 legere

92 2208 127 2269 et
149 2204 302 2270 scandere
325 2204 440 2270 docere
463 2205 498 2269 in
515 2203 629 2269 Museo
648 2207 760 2270 nostro
779 2202 989 2288 philologiae.
1025 2201 1071 2267 Et
1088 2203 1124 2267 in
1143 2202 1244 2268 libro·

91 2333 165 2376 rum
193 2311 323 2396 quidem
351 2333 426 2376 mss.
450 2310 513 2377 fide
542 2311 598 2396 qui
626 2311 722 2375 fidem
745 2331 874 2376 omnem
898 2314 1077 2376 metrorum
1100 2331 1171 2375 esse
1193 2332 1244 2376 re-

91 2419 235 2502 positam
262 2418 391 2502 volunt,
417 2440 529 2484 eorum
560 2418 641 2483 setis
664 2417 817 2483 demirari
840 2439 914 2482 cum
936 2417 1069 2504 ignavia
1092 2410 1243 2483 coniunoss

92 2528 161 2590 tam
180 2526 434 2592 inconstantiam
451 2547 517 2590 non
536 2547 722 2610 possumus:
741 2526 798 2611 qui
818 2548 881 2612 quo
900 2525 1032 2591 tandem
1051 2530 1243 2612 argumento

92 2631 172 2698 illud
196 2632 379 2717 defendent,
402 2633 488 2717 quod
511 2654 577 2699 non
600 2633 700 2698 etiam
724 2633 869 2699 senarios
892 2634 1040 2717 potuisse
1063 2633 1171 2718 quinis
1191 2632 1242 2698 vel

93 2739 236 2824 septenis
271 2740 408 2825 pedibus
441 2740 591 2825 componi
625 2739 831 2805 crediderunt
861 2736 902 2826 (e.
931 2763 956 2806 c.
986 2739 1095 2824 quinis
1124 2762 1152 2804 v.
1178 2739 1244 2805 752

91 2848 196 2934 ipsius
220 2847 299 2912 adeo
319 2845 529 2913 Ambrosieni
549 2845 780 2933 auctoritate)?
805 2848 857 2913 vel
881 2847 1060 2913 molossum
1082 2868 1143 2931 pro
1166 2868 1242 2932 pyr-

92 2955 219 3021 rhichio
242 2955 321 3040 poni
344 2958 378 3019 et
400 2954 630 3039 monosyllaba
653 2955 812 3021 vocabula
839 2976 899 3040 pro
923 2952 1243 3039 proceleusmaticis?

92 3063 145 3128 vel
177 3065 214 3128 ut
246 3061 287 3127 ad
324 3062 412 3127 eliud
443 3083 546 3147 genus
585 3061 697 3128 eadem
729 3061 935 3127 ratiocinatio
973 3061 1243 3146 accommodetur,

95 3170 282 3255 genetivum
305 3168 524 3234 ablativumve
556 3169 636 3255 poni
668 3190 728 3254 pro
760 3167 987 3233 nominativo?
1019 3168 1070 3233 vel
1101 3168 1242 3254 primam

92 3298 266 3362 personam
284 3297 343 3361 pro
363 3275 505 3342 secunda
522 3276 682 3341 tertiave?
702 3275 831 3360 quando
850 3275 966 3341 talium
984 3274 1068 3340 nihil
1087 3279 1137 3340 est
1156 3274 1242 3361 quod

92 3406 159 3450 nou
181 3383 396 3469 apertissimis
420 3382 567 3448 codicum
585 3382 781 3457 testimoniis
799 3383 933 3448 nitetur.
971 3379 1101 3446 Scilicet
1119 3382 1242 3467 inipso

94 3495 262 3576 tamquam
289 3490 463 3576 principio,
493 3490 578 3575 qnod
605 3513 729 3557 meram
757 3490 942 3556 barbariem
969 3510 1048 3574 prae
1077 3511 1111 3554 se
1133 3489 1243 3575 ferret,
1256 3513 1346 3556 oxvn

94 3599 269 3665 subsistere
297 3598 392 3662 veriti
420 3597 454 3663 in
481 3596 590 3663 media
616 3598 671 3663 via
699 3598 913 3664 substiterunt
942 3600 975 3660 et
1002 3596 1141 3662 mediam
1168 3597 1241 3662 bar·

94 3706 219 3772 bariem
242 3705 422 3770 exosculati
446 3709 536 3788 sunt,
557 3727 624 3771 non
647 3708 836 3790 reputantes
860 3704 901 3771 ad
924 3705 1032 3790 ipsum
1055 3705 1162 3788 finem,
1185 3703 1242 3788 qui

91 3836 158 3880 non
186 3813 377 3879 coniunctae
405 3834 479 3878 cum
508 3813 662 3878 mediocri
691 3813 840 3879 barbarie
864 3811 1035 3878 mediocris
1059 3809 1242 3895 elegantiae

93 3925 145 3986 est
163 3920 219 3985 sed
238 3923 480 3987 consummatae
500 3919 589 4004 artis,
607 3925 794 4004 penetrasse
813 3941 951 4006 quorum
970 3940 1070 4004 opera
1088 3940 1243 4005 umquam

93 4028 266 4113 quicquam
293 4028 345 4093 vel
372 4029 405 4092 iu
434 4029 648 4112 grammatica
675 4026 848 4112 disciplina
875 4029 926 4091 vel
953 4027 988 4091 in
1011 4027 1147 4092 metrica
1168 4047 1242 4110 pro·

93 4136 216 4202 fectum
234 4135 286 4200 sit
322 4133 398 4200 Non
417 4134 532 4221 ignoro
552 4133 709 4219 equidem,
732 4138 812 4217 quot
834 4136 1037 4218 quantasque
1060 4132 1123 4197 hoc
1140 4152 1243 4216 genus

94 4265 189 4308 omne
218 4246 251 4308 et
277 4242 443 4308 cautiones
467 4244 498 4307 et
522 4240 744 4306 dubitationes
772 4240 904 4324 habeat,
933 4239 1019 4324 quod
1046 4237 1176 4303 facilius
1200 4237 1243 4302 sit

93 4354 341 4436 praeceptorum
364 4350 539 4416 severitate
562 4370 673 4434 regere
697 4369 809 4433 quam,
837 4369 932 4432 quem
960 4345 1106 4411 libertati
1133 4345 1242 4410 locum

93 4459 204 4544 legum
236 4458 414 4524 necessitas
447 4456 658 4540 concesserit,
689 4455 857 4541 indagare:
894 4455 928 4519 in
962 4476 1026 4538 quo
1063 4473 1130 4518 non
1166 4473 1242 4517 raro
