2910 5010
497 348 728 396 narunuscuu
750 349 880 395 annau.
1192 332 1255 395 681

112 491 331 574 Humboldtii,
346 490 471 575 Steiuii,
490 489 759 561 Scharnhorstii..
771 491 883 576 Itaque
902 492 1028 556 iuvabit
1047 491 1140 555 hodie
1161 492 1202 555 ad
1221 514 1259 555 ea

113 599 228 683 optimi
258 598 414 682 principis
437 598 583 665 facinora
606 599 750 664 animum
775 599 955 682 advertere,
983 621 1065 682 quae
1089 621 1162 664 cum
1185 620 1257 663 nos-

112 706 173 770 tris
201 705 407 789 potissimum
437 707 617 771 rationibus
642 706 788 791 proximo
813 706 942 771 vinculo
973 706 1146 771 coniuncta
1174 709 1258 770 sunt.

111 810 243 877 Etenim
272 811 357 904 quod
384 812 532 896 priorum
557 816 700 877 aetatum
730 812 887 877 memoria
916 815 951 876 et
977 812 1128 896 plurimis
1158 816 1190 876 et
1213 812 1258 877 iu·

112 918 310 1004 signioribus
334 919 488 1003 exemplis
513 906 631 1000 docuit,
654 918 687 983 id
710 941 770 984 nos
790 923 918 1004 quoq'ue
937 918 1120 1003 experimur
1139 940 1258 1004 magno

111 1024 281 1091 commodo
305 1028 432 1089 nostro:
455 1029 501 1109 ut,
525 1047 588 1109 quo
613 1024 759 1090 tristiora
781 1030 929 1111 tempora
952 1025 1033 1109 sint,
1056 1025 1097 1089 ad
1122 1048 1256 1110 quorum

112 1131 370 1198 emendationem
400 1131 510 1196 nullae
541 1132 608 1197 sint
637 1124 835 1217 privatorum
866 1133 1033 1197 homiuum
1062 1138 1186 1217 partes,
1219 1155 1256 1197 eo

111 1238 242 1323 gravior
265 1238 305 1303 ad
330 1238 445 1304 horum
465 1240 590 1304 animos
610 1240 794 1324 placandos,
817 1240 1042 1322 consolandos,
1067 1240 1258 1305 recreandos

112 1345 159 1409 vis
183 1349 217 1410 et
239 1345 382 1412 efficacia
405 1367 516 1410 eorum
540 1346 720 1412 studiorum
745 1347 917 1430 sentiatur,
941 1345 1058 1429 quibus
1083 1368 1102 1410 a
1126 1346 1258 1431 lugubri

112 1450 286 1536 eademque
314 1455 519 1519 infructuosa
547 1475 655 1518 rerum
683 1454 885 1538 publicarum
913 1439 1112 1537 cogitatione
1134 1453 1259 1518 abstra-

112 1558 229 1623 hamur
248 1565 281 1625 et
300 1560 341 1625 ad
361 1555 530 1626 laetiorem
549 1560 676 1625 vivendi
696 1561 917 1626 condicionem
935 1559 1152 1624 tradueamur.
1180 1560 1260 1624 Tale

113 1648 220 1730 autem
252 1666 407 1732 solacium
437 1688 454 1730 e
482 1666 610 1731 liberali
641 1667 759 1731 artium
789 1667 1037 1751 litterarumque
1065 1667 1260 1731 tractatione

112 1772 250 1855 petitum
279 1776 316 1837 ut
343 1773 446 1837 libero
475 1776 508 1837 et
536 1772 663 1837 liberali
692 1772 836 1856 homine,
869 1773 896 1837 si
925 1772 1054 1857 quando
1082 1772 1259 1837 necessitas

114 1883 215 1964 urget,
237 1902 440 1966 nequaquam
461 1879 630 1964 indignum
652 1883 710 1963 est,
732 1880 779 1944 ita
802 1902 945 1945 erescere
969 1880 1147 1945 multorum
1171 1902 1258 1944 eom·

115 1986 267 2051 munione
296 1987 388 2053 solet
434 1987 550 2072 Itaque
579 1988 664 2070 quod
691 1986 786 2052 nobis
814 1986 890 2052 lieet
912 2009 929 2050 e
953 1986 1102 2070 publicae
1126 1986 1256 2051 calami-

112 2093 191 2157 tatis
214 2094 373 2178 angustiis
398 2093 438 2158 ad
466 2093 550 2158 hanc
574 2093 796 2158 honestissimi
816 2093 881 2159 ‘otii
904 2093 1092 2158 laetabilem
1113 2094 1256 2176 fructuo-

112 2221 244 2284 samque
274 2200 464 2266 societatem
488 2200 615 2266 animos
638 2204 766 2265 nostros
790 2203 979 2284 mentesque
1007 2200 1164 2283 recipere,
1187 2222 1255 2264 eas-

114 2328 174 2390 que
195 2306 345 2392 regiones
364 2307 469 2372 colere
488 2309 521 2373 in
540 2306 657 2391 quibus
677 2307 740 2390 ipsi
755 2307 965 2391 dominemur,
983 2306 1104 2371 nullius
1123 2306 1259 2371 arbitrio

114 2413 246 2478 obnoxii
266 2413 424 2498 nullisque
444 2414 508 2478 nisi
528 2413 673 2478 veritatis
692 2412 851 2478 limitibus
870 2414 1115 2498 circumscripti,
1133 2413 1166 2477 id
1186 2437 1259 2499 pro-

113 2520 197 2586 sectu
221 2521 254 2585 iu
277 2521 452 2604 praeclaris
477 2518 660 2584 Fulnuarffl
684 2518 861 2586 evasum
886 2521 1050 2586 beneficiis
1074 2519 1257 2585 habendum

112 2649 182 2692 esse
206 2627 258 2691 vix
283 2649 436 2712 umquam
461 2631 530 2692 tam
555 2627 720 2692 evidenter
743 2627 816 2710 ipsa
839 2632 1000 2711 tempora,
1029 2649 1126 2711 quam
1150 2628 1182 2691 in
1206 2627 1257 2691 his

113 2755 196 2817 quae
218 2733 313 2799 bodie
337 2756 396 2818 per
410 2733 618 2799 Germaniam
642 2734 792 2799 obtinent
816 2733 964 2817 miseriis,
987 2733 1164 2799 docuerunt
1188 2755 1257 2817 per·

114 2846 354 2926 suaseruntque.
401 2840 494 2917 Quod
522 2839 712 2904 beneficium
740 2840 872 2904 tametsi
900 2839 1019 2904 scimus
1047 2862 1113 2904 non
1142 2843 1255 2935 nostra

112 2948 241 3032 privata
264 2970 379 3013 caussa
402 2948 558 3013 collatum
582 2967 662 3030 esse,
685 2946 742 3011 sed
765 2945 805 3010 ad
829 2947 972 3013 rationes
992 2946 1161 3012 universas
1182 2947 1257 3012 civi·

114 3054 202 3137 tatis,
224 3055 386 3139 ecclesiae,
409 3055 496 3119 vitae
520 3053 719 3119 adiuvandas
743 3054 1011 3136 adornandasque
1030 3058 1186 3138 spectare,
1209 3059 1256 3119 ta·

114 3182 186 3225 men
215 3160 291 3245 qnid
320 3163 457 3248 impedit
484 3163 667 3247 quominus,
690 3183 772 3245 quae
795 3164 924 3246 praeter
946 3160 1112 3244 publicam
1137 3162 1257 3226 utilita-

114 3271 180 3332 tem
208 3267 299 3333 illine
327 3270 424 3334 etiam
454 3269 582 3353 privata
604 3267 776 3333 commoda
798 3267 992 3352 redundant,
1024 3268 1072 3332 eis
1096 3271 1133 3332 ut
1156 3268 1259 3332 subsi-

115 3375 195 3439 civis
228 3380 261 3440 et
293 3376 483 3462 adventiciis
516 3379 610 3461 grato
645 3374 753 3438 animo
785 3374 954 3440 fruamur?
1008 3375 1048 3439 In
1085 3374 1259 3458 eodemque

115 3501 232 3565 genere
262 3481 291 3546 si
319 3483 360 3547 ab
388 3481 449 3547 hae
477 3486 591 3547 nostra
615 3480 783 3545 Musarum
813 3481 887 3545 sede
915 3481 950 3545 in
973 3481 1055 3546 alias
1079 3482 1259 3548 communis

114 3589 240 3671 patriae
263 3592 373 3673 partes
397 3589 507 3654 oculos
532 3587 800 3670 converterimus,
828 3587 923 3672 longe
948 3587 1046 3652 etiam
1070 3588 1200 3653 uberior
1222 3612 1260 3653 ae

113 3687 309 3761 luculentior
345 3695 554 3780 praedicandi
592 3694 827 3778 venerandique
863 3693 1045 3759 Fuvuuurcv
1083 3695 1258 3780 vaunm

115 3801 251 3865 materia
275 3802 428 3885 suppetit.
458 3800 605 3886 Namque
624 3801 711 3865 alma
729 3799 889 3866 Rhenana
908 3822 972 3885 quo
992 3805 1137 3886 tempore
1156 3802 1259 3868 muni·

93 3902 96 3908 ’
115 3907 326 3975 fluentissimo
341 3907 433 3971 lllius
452 3907 590 3974 consilio
608 3906 740 3973 condita
759 3912 817 3992 est,
839 3908 905 3972 iam
929 3907 963 3971 in
986 3908 1076 3992 pacis
1096 3911 1260 3975 alumnam

114 4011 305 4078 felicitatem
337 4017 369 4079 et
400 4015 673 4098 tranquillitatem
703 4016 838 4080 bellicae
867 4015 984 4080 turbae
1015 4021 1179 4082 cesserant
1209 4041 1261 4083 ex·

115 4132 287 4204 eussoque'
301 4121 445 4185 hostium
473 4121 550 4206 iugo
579 4143 644 4186 non
667 4121 838 4207 pristina
860 4124 989 4186 tautum
1013 4125 1046 4185 et
1068 4122 1205 4188 libertas
1229 4128 1261 4188 et

28 4245 32 4252 ·
115 4230 260 4310 potestas
280 4232 477 4312 recuperata
496 4233 575 4313 erat,
598 4228 655 4293 sed
673 4229 785 4294 eadem
806 4227 898 4293 novis
918 4228 1128 4293 incrementis
1147 4230 1262 4314 copiis·

113 4355 177 4417 que
206 4333 379 4420 insigniter
406 4338 510 4400 aucta.
557 4334 603 4400 At
630 4336 666 4400 in
694 4335 868 4400 maximam
897 4333 1020 4419 Regiae
1053 4335 1261 4402 liberalitatis

113 4440 363 4506 admirationem
388 4442 504 4506 merito
528 4441 717 4527 abripimur,
739 4464 811 4506 cum
835 4442 894 4506 illa
917 4445 1066 4530 tempora
1089 4442 1175 4526 apud
1194 4445 1260 4508 ani-
