2918 5004
247 304 312 369 632
624 319 859 368 mommscna
882 320 1007 367 annau.

246 485 280 527 re
304 462 403 527 verba
426 461 603 545 facturum,
633 484 716 546 quae
743 485 809 527 non
837 462 935 527 mirei
957 463 986 527 si
1009 462 1103 527 vobis
1129 464 1240 528 multo
1266 464 1401 546 amplius

247 566 373 634 dicendi
397 569 539 651 spatium
567 591 700 652 poscere
727 569 886 652 rideatur,
913 591 1010 653 quam
1039 569 1128 654 qnod
1154 592 1175 633 a
1199 592 1256 634 me
1286 568 1400 652 expleri

248 676 297 740 vel
327 696 385 758 per
418 675 521 758 ipsius
552 676 736 760 argumenti
768 677 962 760 gravitatem
995 680 1257 760 nostrarumque
1291 675 1400 739 virium

249 784 440 850 tenuitatem
461 782 575 868 possit,
599 781 649 847 vel
667 804 726 867 per
743 782 838 846 huius
864 783 1092 847 sollemnitatis
1117 781 1401 866 opportunitatem

249 896 451 976 vestramque
485 890 677 974 patientiam
708 889 814 954 liceat.
860 890 908 954 Ae
935 889 1081 974 profecto
1111 891 1170 974 qui
1205 890 1259 954 vel
1292 889 1401 954 leviter

216 1051 219 1055 .
248 999 444 1082 meminerit,
472 1000 550 1082 quot
578 1001 611 1060 et
638 1002 761 1082 quanta
788 996 896 1061 studia
926 1000 1123 1082 quantorum
1149 997 1328 1062 hominum
1350 997 1401 1060 illa

251 1106 398 1190 quaestio
432 1104 634 1183 excitaverit,
667 1126 760 1186 num,
793 1126 874 1188 quae
906 1126 990 1169 nunc
1023 1104 1090 1168 fere
1119 1125 1137 1168 e
1165 1103 1315 1168 Graecae
1345 1103 1400 1167 Ro

249 1233 427 1296 manaeqnc
461 1189 667 1294 antiquitatis
697 1211 882 1295 cognitione
908 1211 1026 1294 pendet
1055 1211 1282 1276 scholasticae
1315 1210 1398 1275 insti·

249 1319 383 1382 tutionis
411 1319 508 1396 ratio,
537 1339 575 1381 ea
603 1339 677 1382 vere
706 1318 859 1383 salutaris
887 1320 931 1383 sit
957 1318 1108 1383 habenda
1132 1321 1166 1382 ct
1197 1318 1316 1402 quavis
1340 1317 1396 1381 alia

249 1424 489 1510 praestabilior,
513 1426 591 1489 item
615 1425 669 1508 qui
693 1425 915 1490 incredibilem
938 1424 1197 1509 discrepantiam
1222 1425 1398 1511 proposita·

249 1555 322 1597 rum
345 1553 383 1607 eo
407 1532 441 1596 in
464 1552 580 1617 genere
605 1532 671 1595 sive
696 1532 886 1616 opinionum
915 1533 982 1596 sive
1011 1534 1255 1599 sententiarum
1278 1555 1343 1597 non
1365 1557 1398 1596 er

250 1639 344 1705 editis
372 1642 502 1703 tantum
530 1637 730 1723 privatorum
757 1637 925 1703 hominum
949 1639 1040 1704 libris
1065 1645 1097 1704 et
1121 1640 1246 1704 libellis
1270 1639 1398 1719 noverit,

250 1746 306 1811 sed
334 1768 372 1810 ex
401 1745 566 1810 acerrimis
590 1745 687 1809 etiam
717 1746 979 1811 contentionibus
1008 1769 1135 1831 eorum,
1165 1742 1224 1832 qni
1256 1747 1398 1832 publicae

252 1854 350 1919 saluti
370 1852 551 1918 civitatium
571 1853 757 1916 consulunt:
785 1854 814 1918 is
838 1875 916 1918 sane
938 1876 1052 1937 parum
1076 1856 1197 1939 sapiat,
1223 1856 1253 1919 si
1278 1856 1347 1919 eius
1369 1877 1397 1918 se

252 1960 298 2024 rei
319 1958 566 2042 amplitudinem
585 1958 677 2023 brevi
697 1960 843 2025 oratione
863 1964 1114 2044 exaequaturum
1136 1967 1258 2046 speret.
1292 1960 1397 2046 Neque

250 2069 312 2134 hoe
336 2067 483 2152 equidem
508 2065 587 2129 mihi
612 2069 781 2151 proposui,
812 2068 868 2152 qui
897 2091 967 2133 cum
995 2068 1033 2132 de
1059 2069 1155 2134 istius
1183 2069 1397 2136 institutionis

253 2175 446 2240 salubritate
469 2175 538 2257 ipse
561 2195 751 2257 persuasum
775 2175 914 2257 habeam
938 2180 974 2241 ut
996 2177 1082 2261 quod
1107 2177 1267 2262 maxime,
1297 2183 1398 2243 tamen

251 2306 314 2347 non
340 2281 401 2346 sim
425 2281 459 2344 in
482 2303 520 2346 eo
544 2281 779 2365 elaboraturus,
801 2282 892 2347 illam
917 2287 952 2348 nt
976 2287 1249 2369 argumentorum
1270 2287 1304 2350 vi
1323 2305 1400 2350 num

252 2389 430 2473 defendam,
453 2393 487 2453 et
505 2388 623 2473 quibus
643 2388 825 2454 rationibus
843 2390 968 2454 nitatur
986 2390 1095 2454 dedita
1114 2412 1219 2475 opera
1238 2413 1399 2475 exponam,

253 2495 308 2559 sed
336 2494 377 2559 ab
407 2516 445 2559 ea
473 2494 535 2559 sim
562 2494 766 2580 profecturus
794 2499 960 2580 tamquam
990 2517 1144 2561 concessa
1175 2499 1399 2582 communique

253 2624 410 2667 consensu
433 2604 581 2686 probata.
626 2601 711 2666 Nam
737 2625 809 2668 cum
838 2604 918 2668 duas
941 2608 1051 2688 partes
1075 2604 1130 2668 ille
1154 2604 1250 2669 locus
1276 2606 1399 2687 habeat,

254 2711 309 2795 qui
332 2715 382 2774 est
405 2709 444 2774 de
469 2709 568 2774 studii
590 2709 779 2795 philologici
809 2713 842 2774 et
870 2710 1081 2776 scholasticae
1105 2712 1332 2778 institutionis
1354 2737 1399 2778 nc·

254 2816 456 2901 cessitudine,
480 2840 553 2881 mea
571 2817 700 2901 quidem
720 2818 824 2882 oratio
844 2818 884 2880 ad
903 2818 982 2882 illud
1006 2820 1110 2903 magis
1135 2840 1237 2903 quam
1263 2820 1306 2885 ad
1325 2822 1399 2885 hanc

255 2924 426 3008 spectabit,
449 2946 508 2988 nec
532 2924 571 2987 ad
595 2923 787 2988 discentium
810 2924 918 3009 potius
943 2946 1038 3012 qnam
1057 2925 1098 2988 ad
1118 2923 1311 2992 docentium
1330 2951 1400 2992 usus

253 3030 443 3116 pertinebit,
472 3031 522 3095 vel
550 3035 587 3095 nt
615 3031 715 3095 etiam
730 3031 870 3115 ⁴planius
899 3031 975 3116 quid
1006 3031 1085 3095 mihi
1108 3032 1210 3097 velim
1235 3035 1399 3115 declarem,

253 3140 287 3202 in
310 3161 348 3203 eo
367 3138 559 3223 versabitur,
582 3143 627 3221 ut,
651 3160 734 3222 quae
754 3139 797 3203 sit
816 3140 896 3202 artis
915 3138 1131 3223 philologicos
1151 3142 1184 3202 et
1205 3140 1296 3205 vitae
1317 3140 1399 3206 scho-

254 3245 386 3310 lasticae
410 3269 483 3310 eum
507 3247 667 3311 discordia
690 3250 760 3310 tum
784 3247 964 3330 concordia,
987 3247 1131 3330 patefiat.

343 3352 685 3438 Circumspicientibus
709 3355 804 3419 nobis
830 3354 1023 3441 scholastica
1041 3353 1220 3440 institutio,
1245 3357 1399 3440 siquidem

254 3482 271 3522 e
295 3461 422 3544 potiore
450 3462 500 3526 sui
530 3466 622 3546 parte
651 3468 813 3545 censetur,
836 3466 973 3546 apparet
995 3483 1093 3545 penes
1117 3484 1189 3546 eoa,
1218 3465 1278 3547 qui
1303 3465 1399 3549 philo·

254 3568 378 3652 logiam
397 3570 598 3651 profitentur.
635 3568 718 3632 Item
741 3592 811 3652 nos,
833 3593 850 3634 e
871 3592 1007 3653 quorum
1027 3568 1201 3651 disciplina
1219 3573 1400 3638 academica

254 3673 438 3739 scholarum
463 3674 611 3739 doctores
632 3675 786 3739 maiorem
806 3679 931 3760 partem
951 3675 1120 3760 prodeunt,
1144 3677 1240 3741 nulla
1260 3679 1323 3743 hos
1342 3678 1401 3742 alia

255 3782 379 3847 ratione
403 3781 442 3845 ad
468 3782 674 3847 erudiendam
698 3783 949 3848 adulescentiam
973 3782 1201 3868 informamus,
1229 3786 1297 3849 nisi
1321 3785 1401 3871 quod

255 3890 440 3975 philologos
460 3890 653 3975 effingimus.
692 3888 840 3955 Studium
865 3895 973 3954 autem
996 3891 1195 3976 philologiae
1220 3916 1299 3959 cum
1319 3882 1401 3959 nullo

254 4001 402 4080 tempore
433 4020 498 4063 non
529 3998 810 4082 comprehenderit
840 3999 1002 4081 permulta
1034 3999 1075 4062 ab
1109 4020 1170 4062 usu
1205 4001 1401 4066 scholastico

255 4103 375 4188 aliena,
409 4108 478 4168 tum
512 4104 545 4168 in
578 4104 735 4169 hodierna
768 4104 948 4168 litterarum
979 4107 1048 4169 luce
1079 4108 1173 4169 tanta
1204 4107 1402 4174 incrementa

255 4212 350 4296 cepit,
374 4216 411 4275 ut
435 4212 668 4295 propemodum
692 4234 778 4277 nova
797 4212 967 4296 disciplina
986 4211 1156 4276 exstiterit.
1196 4212 1404 4282 Intellectum

255 4322 306 4381 est
328 4318 433 4402 hodie,
457 4341 539 4403 quae
563 4319 640 4383 olim
664 4319 691 4383 si
714 4341 781 4383 non
804 4324 992 4403 contempta
1010 4320 1192 4403 iacuerunt,
1215 4327 1309 4387 certe
1327 4327 1405 4388 tam-

200 4423 211 4426 ”
256 4446 353 4507 quam
384 4426 575 4490 secundaria
604 4431 637 4490 et
661 4426 796 4491 fortuita
819 4427 907 4491 velut
931 4425 1116 4511 appendicis
1141 4426 1216 4491 loco
1241 4429 1407 4497 habeban-
