2992 5004
406 371 669 420 maurusiorum
692 371 903 420 vnnvriusa.
1162 354 1225 419 299

171 514 341 580 Praeterea
370 513 403 580 R
432 515 576 580 litteram
605 515 770 581 sciendum
794 519 926 580 estnec
949 516 1060 600 scripti
1084 537 1144 581 nec
1167 516 1226 579 im·
1241 539 1344 580 xxxvr

80 624 184 708 pressi
202 622 278 688 libri
297 622 436 688 iudicem
456 644 537 707 esse,
556 623 611 687 sed
630 644 721 687 meae
739 622 928 708 scripturae.
957 622 1062 699 Quam
1082 623 1108 687 si
1128 623 1226 687 etiam
1272 686 1281 701 N

80 731 202 796 talibus
223 730 419 815 aliquotiens
439 730 586 814 apposui,
608 751 690 815 quae
713 752 787 795 cum
809 730 934 814 pridem
952 752 1025 795 mea
1043 729 1227 794 coniectura

81 837 288 922 invenissem,
319 841 434 922 postea
462 837 503 902 ab
533 836 606 901 aliis
635 858 760 921 quoque
785 836 971 922 excogitata
994 837 1072 920 vidi,
1103 857 1169 901 non
1192 835 1225 901 id

82 945 148 1010 alio
175 945 313 1010 consilio
343 945 418 1029 feci,
448 944 512 1010 nisi
540 945 625 1029 quod
649 945 791 1030 aliquam
814 945 911 1010 fidem
935 943 1082 1010 veritatis
1106 943 1227 1010 habere

82 1052 298 1138 complurium
321 1074 496 1120 consensus
521 1052 613 1121 solet.

563 1486 676 1535 cnrvr
699 1467 756 1533 IV.

170 1624 246 1690 Dixi
271 1626 309 1691 de
333 1630 464 1693 externa
488 1629 645 1694 librorum
669 1629 895 1694 Plautinorum
919 1629 1120 1695 condicione:
1153 1653 1226 1715 pro-

80 1732 291 1818 grediendum
324 1740 374 1800 est
406 1735 447 1800 ad
480 1759 591 1801 eorum
626 1737 768 1801 indolem
801 1741 995 1823 mutuasque
1021 1739 1165 1802 rationes
1194 1742 1227 1803 et

81 1842 301 1906 successiones
330 1841 544 1926 explicandas.
596 1843 666 1920 Quo
694 1844 743 1907 ita
771 1843 941 1928 defungar,
974 1848 1010 1909 ut
1037 1865 1119 1930 quae
1147 1844 1226 1909 olim

80 1970 154 2013 cum
182 1947 236 2013 ‘de
265 1948 341 2013 crisi
364 1949 533 2014 Plautina'
558 1950 723 2034 disputavi
732 1948 764 2038 *)
792 1954 864 2015 tum
892 1951 927 2015 in
955 1951 1157 2035 praefatione
1185 1952 1226 2016 ad

78 2053 257 2120 Bacchides
285 2054 381 2121 Halis
411 2079 439 2121 a.
469 2073 726 2123 cmlocccxxxv
759 2056 862 2122 editas
892 2059 1027 2142 exposui
1054 2061 1123 2122 tum
1152 2059 1225 2123 aliis

81 2161 275 2246 quibusdam
298 2165 377 2229 locis
402 2164 507 2248 attuli,
530 2163 620 2229 b'revi
640 2166 846 2231 enarratione
865 2165 1146 2251 comprehendam,
1170 2166 1225 2231 sed

79 2290 119 2333 ea
150 2272 226 2352 post
256 2273 307 2334 tot
330 2270 558 2355 bybliothecas
590 2272 828 2358 pervestigatas
857 2272 968 2337 multis
996 2274 1144 2357 partibus
1175 2275 1224 2338 vel

81 2381 224 2442 correcta
257 2377 308 2441 vel
341 2377 552 2463 locupletata:
585 2379 822 2463 praetermissis
849 2383 959 2445 tamen
985 2404 1068 2465 quae
1096 2385 1154 2445 aut
1182 2382 1226 2446 le·

82 2484 172 2549 viora
190 2485 360 2549 videantur
383 2489 441 2550 aut
463 2485 498 2550 in
521 2485 620 2550 dubia
644 2486 828 2552 coniectura
847 2488 964 2572 posita,
987 2488 1077 2553 cuius
1096 2489 1225 2554 firman-

80 2592 139 2657 dae
167 2592 361 2657 documenta
387 2593 535 2677 quamvis
564 2615 721 2678 quaerens
749 2594 841 2659 nulla
868 2595 1076 2680 reppererim:
1112 2618 1128 2661 e
1161 2618 1225 2680 quo

30 2730 33 2735 ·
79 2720 197 2784 genere
219 2699 309 2765 velut
330 2698 413 2764 illud
436 2701 487 2764 est
518 2700 556 2764 de
588 2700 758 2766 Romano
790 2701 899 2767 codice
931 2701 1105 2769 Lousonn
1139 2703 1225 2787 quod

79 2805 244 2892 Parergon
266 2829 296 2890 p.
315 2807 381 2871 404
405 2811 514 2872 annot.
538 2808 641 2894 tetigi.
686 2807 733 2872 Vt
757 2811 874 2890 autem,
899 2808 1015 2894 quibus
1038 2831 1055 2873 e
1079 2809 1224 2875 fontibus

79 2935 137 2997 per
155 2936 236 2999 quos
255 2917 422 2999 tamquam
445 2914 567 2978 rivulos
591 2915 748 2979 memoria
771 2914 876 2978 omnis
901 2914 1081 2999 scripturae
1104 2915 1224 2980 Plauti·

78 3042 140 3085 nae
168 3042 226 3104 per
253 3021 454 3086 saeculorum
481 3020 719 3085 vicissitudines
748 3021 788 3085 ad
815 3026 963 3086 nostram
987 3024 1128 3086 aetatem
1152 3045 1225 3107 pro·
1239 3060 1354 3102 mm

78 3131 199 3212 pagata
231 3128 287 3211 sit,
320 3150 384 3192 uno
415 3128 582 3193 oculorum
613 3131 748 3193 eontutu
779 3133 1007 3213 cognoscatur,
1038 3129 1222 3195 stemmatis

79 3235 218 3299 artificio
243 3239 316 3300 utar
336 3234 375 3299 ad
394 3233 634 3320 perspiciendas
654 3234 860 3319 cognationis
880 3234 1023 3299 rationes
1043 3236 1225 3322 utilissimo,

81 3342 115 3405 in
139 3363 203 3426 quo
226 3340 369 3426 perditos
393 3342 495 3406 libros
519 3341 645 3427 graecis
669 3341 797 3425 litteris,
820 3342 929 3407 latinis
954 3343 1145 3426 superstites
1168 3367 1224 3411 no·

80 3448 157 3513 tavi.
203 3447 240 3512 Id
271 3452 380 3513 autem
411 3451 487 3533 post
517 3449 683 3514 diutinam
707 3448 952 3514 meditationem
983 3449 1129 3515 intellexi
1159 3474 1225 3517 non

78 3576 174 3638 posse
198 3555 377 3640 simplicius
401 3579 499 3642 quam
523 3556 569 3621 sic
592 3556 744 3623 construi.

187 3803 214 3873 *)
255 3804 361 3859 Eodem
398 3820 454 3873 qno
490 3802 570 3858 illam
607 3820 660 3873 ego
697 3803 964 3859 commentationem
1001 3803 1113 3858 elimari
1151 3819 1224 3859 anno

80 3905 297 3950 mmccccxxxv
317 3892 483 3962 ‘Symbolaa
504 3891 540 3946 ad
567 3890 714 3947 historiam
741 3892 930 3962 philologiae’
961 3910 1024 3948 auae
1051 3893 1089 3949 lo.
1120 3892 1226 3963 Caspar

81 3982 201 4037 Orellins
229 3982 319 4036 edidit
347 3980 454 4048 Tutini,
484 3981 585 4050 quibus
609 3980 713 4036 codicia
737 3999 754 4036 a
777 3981 895 4037 Nicolao
924 3982 1089 4038 Treverensi
1119 3983 1224 4052 reperti

78 4070 291 4126 intermortuam
314 4070 480 4126 memoriam
503 4069 572 4124 item
596 4086 611 4124 e
635 4069 736 4141 Poggii
759 4068 888 4140 epistulis
911 4071 1121 4143 redintegravit
1169 4071 1225 4126 Sed

80 4178 152 4230 quae
177 4160 218 4215 ibi
243 4177 270 4230 p.
291 4165 307 4214 9
334 4160 368 4214 de
394 4158 509 4229 reliquia
533 4158 613 4214 libris
639 4161 667 4212 et
690 4158 802 4228 scriptis
826 4161 856 4214 et
878 4159 1021 4230 impressis
1044 4160 1171 4216 narravit
1188 4177 1224 4216 ne

78 4248 271 4305 Palatinorum
290 4247 404 4318 quidem
418 4248 545 4305 codicum
560 4246 697 4303 rationem
711 4247 826 4317 habens,
846 4248 972 4319 quaeque
988 4251 1022 4305 da
1036 4249 1223 4305 fundamentis

78 4354 232 4407 normaque
256 4337 387 4393 universa
410 4336 586 4393 instaurandi
603 4335 699 4391 Plauti
723 4337 880 4409 praecepit,
903 4354 1000 4394 eorum
1023 4356 1074 4394 nec
1093 4339 1162 4395 fides
1181 4342 1225 4395 est

76 4443 130 4482 nec
147 4425 263 4483 utilitas.
