2918 5004
474 377 706 427 nararnrsourr
728 378 856 426 sanan.
1016 417 1018 420 .
1169 363 1233 427 637

85 520 276 586 scholastici
303 525 411 605 partes
435 520 663 606 gravissimam
683 543 760 586 sane
785 526 817 585 et
839 521 1037 605 praeclaram
1061 522 1185 586 habent
1202 517 1236 586 in

85 651 119 692 se
147 629 236 712 ipsae
269 628 596 712 commendationem,
625 629 686 693 etsi
715 651 752 693 ex
782 629 1016 693 subolescentis
1047 630 1164 693 aetatis
1196 629 1235 693 ad

84 736 320 800 humanitatem
335 735 565 799 informatione
580 735 730 819 voluptas
746 756 872 819 quoque
888 735 1064 818 percipitur
1078 734 1234 798 honestis-

84 843 180 907 sima:
218 845 325 906 tamen
349 841 429 907 haec
459 841 564 906 omnis
594 841 810 925 praestantia,
838 841 957 926 quippe
985 862 1066 925 quae
1097 862 1114 905 e
1146 841 1234 904 boni·

32 1010 38 1020 ,
84 950 163 1014 tatis
189 954 222 1014 et
247 948 377 1013 virtutis
400 949 534 1013 notione
559 954 737 1032 censeatur,
761 948 800 1012 ad
820 949 963 1013 animum
982 952 1016 1012 et
1035 970 1140 1012 mores
1165 970 1235 1031 pcr-

84 1057 181 1139 tinet,
204 1078 269 1121 non
301 1057 442 1139 pertinet
464 1055 504 1119 ad
529 1058 683 1138 mentem,
710 1076 792 1138 qnae
820 1055 910 1120 fonte
934 1055 1042 1120 divino
1066 1058 1237 1139 prognata,

83 1173 119 1228 ut
141 1163 284 1228 divinam
320 1163 462 1226 indolem
491 1161 662 1226 nutriendo
687 1162 737 1225 sui
761 1161 899 1225 similior
922 1162 993 1245 fiat,
1022 1161 1235 1226 vehementis-

85 1272 167 1334 simo
186 1268 293 1333 studio
321 1269 388 1333 veri
407 1268 624 1352 investigandi
644 1289 771 1332 summo
786 1271 921 1332 naturae
939 1268 1095 1333 beneficio
1115 1268 1238 1333 donata

84 1381 143 1442 est
180 1376 267 1441 Huic
289 1379 398 1440 autem
418 1374 536 1458 studio,
559 1374 658 1439 insito
677 1375 860 1458 unicuique,
884 1375 939 1459 qui
959 1375 1003 1439 sit
1019 1376 1129 1460 paullo
1153 1397 1235 1439 erec-

84 1484 176 1548 tioris
203 1482 340 1568 ingenii,
378 1481 473 1547 facile
502 1481 706 1567 intellegitur
731 1504 798 1546 non
826 1504 922 1565 posse
950 1504 989 1546 ea
1016 1466 1102 1546 vitae
1129 1481 1235 1546 condi-

84 1591 175 1655 cione
195 1589 359 1673 satisfieri,
383 1611 466 1673 quae
488 1587 528 1653 ad
551 1611 644 1653 usum
670 1610 871 1653 communem
892 1593 1018 1673 spectat
1040 1588 1155 1671 solum,
1179 1587 1235 1651 sed

84 1701 172 1762 certo
200 1717 317 1781 genere
348 1697 487 1780 quodam
515 1696 696 1760 litterarum
725 1718 807 1779 opus
840 1716 910 1760 esse
939 1697 1006 1761 sive
1036 1693 1235 1779 philosophi-

84 1826 193 1869 carum
213 1803 280 1867 sive
303 1802 531 1868 historicarum
557 1802 702 1887 (quando
720 1803 771 1866 his
791 1802 915 1867 duabus
933 1803 1081 1887 partibus
1101 1800 1235 1864 scientia

84 1911 228 1975 humana
242 1909 348 1974 omnis
364 1906 673 1994 comprehenditur),
692 1909 778 1993 quod
792 1910 923 1992 quidem
937 1929 1050 1994 genus,
1073 1932 1094 1973 a
1116 1928 1234 1993 cogna-

84 2018 128 2082 tis
153 2016 327 2100 generibus
351 2015 544 2081 necessariis
568 2015 727 2080 limitibus
747 2016 1022 2100 discriminatum,
1047 2017 1081 2080 in
1106 2017 1234 2100 seipso

85 2128 119 2189 et
144 2121 340 2208 principium
370 2126 402 2188 et
430 2122 529 2186 finem
551 2122 672 2187 habeat
694 2145 802 2206 suum,
831 2122 892 2206 vel,
917 2127 953 2187 ut
975 2145 1048 2187 cum
1072 2123 1234 2188 veteribus

84 2233 213 2316 loquar,
243 2229 324 2295 artis
351 2229 491 2294 formam
519 2235 551 2294 et
579 2230 805 2295 necessitatem
833 2252 910 2313 prae
941 2252 975 2294 se
998 2230 1093 2294 ferat.
1137 2228 1232 2293 Eius-

84 2338 171 2403 modi
195 2341 304 2402 autem
332 2359 385 2401 ars
409 2336 565 2421 quaedam
589 2337 649 2401 illa
677 2341 727 2401 est
753 2337 966 2422 philologica,
994 2338 1044 2404 cui
1078 2358 1148 2400 sese
1181 2336 1234 2400 de-

85 2445 159 2509 dere
178 2445 333 2529 videmus,
360 2448 576 2528 quotcumque
596 2448 740 2509 veterum
765 2444 950 2529 linguarum
974 2444 1122 2509 doctores
1141 2443 1234 2508 scho-

84 2551 190 2616 lastici
209 2572 243 2615 se
261 2573 374 2636 sapere
393 2573 491 2636 supra
511 2552 627 2637 vulgus
647 2553 761 2617 volunt
779 2551 889 2636 fruges
905 2573 1094 2616 consumere
1108 2555 1232 2615 natum.

86 2657 193 2742 Atque
217 2659 265 2722 ita
284 2657 422 2743 demum,
441 2659 627 2724 consociata
644 2681 718 2723 cum
738 2658 925 2723 scholastici
945 2658 1126 2743 magisterii
1140 2681 1234 2742 prae-

86 2766 158 2829 miis
190 2770 319 2829 strenuo
350 2770 521 2850 perceptae
554 2766 634 2831 artis
667 2766 848 2849 voluptate,
878 2786 953 2829 vera
980 2764 1037 2828 illa
1064 2765 1232 2829 beatitudo

85 2871 244 2953 nascitur,
276 2892 373 2955 quam
401 2871 556 2956 bipertita
584 2875 701 2936 natura
729 2871 847 2935 indolis
875 2870 1035 2934 humanae
1063 2871 1234 2956 efflagitat.

174 2975 268 3040 Nunc
305 2980 423 3054 autem,
460 2982 634 3062 postquam
667 2978 897 3062 praestitutum
935 2979 1078 3062 spatium
1110 2980 1232 3043 emensi

86 3105 214 3168 sumus,
255 3082 406 3147 conducit
448 3083 589 3167 reliquas
630 3083 818 3167 disciplinas
855 3084 1114 3169 circumspicere,
1155 3108 1232 3149 num

84 3191 182 3274 forte,
209 3211 291 3275 quae
319 3189 423 3254 adhuc
454 3189 691 3273 exploravimus
720 3191 858 3255 rationis
881 3192 1093 3276 necessitate,
1126 3215 1230 3257 crem·

85 3300 212 3383 plorum
250 3297 492 3381 comparatione
533 3297 772 3362 collustrantur.
828 3297 856 3362 E
894 3299 1012 3383 quihus
1049 3298 1230 3384 disciplinis

83 3407 181 3487 nulla¹
209 3407 274 3487 est,
311 3426 393 3488 quae
430 3404 547 3468 rectius
584 3426 657 3469 cum
689 3404 871 3490 philologia
904 3406 1102 3489 conferatur,
1136 3429 1231 3491 quam

85 3511 259 3596 theologia
304 3509 416 3575 Mouet
443 3510 538 3594 hora,
564 3515 602 3574 ut
629 3512 817 3575 summatim
844 3512 959 3578 dicam.
1006 3512 1051 3577 Et
1079 3514 1150 3597 quis
1174 3518 1233 3595 est,

85 3617 161 3702 quin
197 3617 414 3701 persentiscat
450 3617 650 3682 consimilem
687 3618 910 3683 condicionem
942 3641 1067 3704 eorum,
1106 3620 1160 3704 qui
1198 3620 1231 3684 iu

85 3723 148 3789 hoc
171 3723 274 3787 vitam
297 3728 501 3807 consumunt,
523 3729 561 3789 ut
579 3728 729 3790 aeternae
749 3726 846 3792 saluti
866 3727 1099 3811 prospicientes
1119 3726 1158 3791 ad
1179 3726 1230 3790 dei

86 3830 200 3916 optimi
229 3829 363 3895 maximi
392 3852 551 3916 amorem,
580 3832 621 3897 ad
649 3855 775 3898 morum
804 3834 1066 3916 sanctimoniam,
1086 3833 1232 3917 ‘donique

86 3937 126 4001 ad
156 3937 324 4022 religionis
351 3938 505 4021 pietatem
536 3957 640 4022 genus
667 3939 845 4006 humanum
868 3941 1045 4006 informent
1067 3944 1136 4006 tam
1159 3965 1231 4025 pro-

85 4045 170 4109 fecto
206 4043 407 4129 populariter
439 4049 473 4109 et
505 4044 546 4110 ad
584 4067 785 4111 communem
819 4037 961 4132 captum'
983 4048 1256 4139 accommodate,

84 4157 153 4217 tam
178 4150 350 4237 neglectis,
379 4153 415 4214 ut
439 4156 489 4215 est
512 4157 780 4236 cousentaneum,
808 4153 1067 4239 theologicarum
1091 4155 1230 4240 discipli-

83 4281 200 4323 narum
230 4258 333 4342 copiis
363 4280 400 4323 ac
429 4258 621 4341 luminibus,
650 4263 700 4343 ut,
731 4281 788 4323 cur
818 4260 948 4325 tandem
981 4262 1015 4325 in
1046 4262 1106 4326 has
1138 4265 1230 4327 tanto

68 4365 182 4448 'opere
196 4365 446 4430 incumbendum
467 4365 519 4448 sit,
538 4388 653 4450 parum
671 4366 857 4451 perspicias,
876 4368 939 4432 uisi
954 4368 1084 4453 quidem
1099 4390 1231 4452 poscere
1335 4440 1337 4445 .

85 4470 145 4535 hoc
173 4472 315 4537 divinam
342 4472 483 4538 indolem
512 4472 611 4537 animi
640 4472 773 4537 humaui
803 4475 1002 4560 memineris,
1032 4480 1069 4539 ut
1098 4475 1138 4539 ab
1168 4476 1229 4539 hac
