2910 5010
595 394 749 442 enarro.
1178 377 1242 442 763

102 560 164 624 que
196 538 318 622 possit,
355 537 395 602 ad
428 537 546 604 horum
579 542 687 603 autem
720 539 896 605 utilitatem
930 543 1075 622 spectare
1112 539 1242 603 brevem

99 669 195 732 quam
220 645 413 710 subiecimus
436 668 548 712 earum
571 668 679 711 rerum
698 647 899 712 notationem
919 647 1092 730 voluimus,
1115 645 1242 730 quibus,

98 754 153 839 qui
173 753 315 819 rationes
334 754 515 837 perspicere
533 759 664 819 nostrae
688 755 888 834 διορθώεεωε
907 755 1043 838 vellent,
1061 776 1127 818 non
1146 773 1242 837 posse

98 882 205 926 carere
233 859 426 925 viderentur.
473 859 594 938 Quodsi
623 862 678 946 qni
701 861 751 926 rel
776 862 822 926 sic
846 862 910 926 sibi
934 861 1015 925 satis
1039 860 1164 926 factum
1188 882 1241 924 ne-

93 960 188 1054 ”gent,
221 967 377 1032 solacium
406 990 444 1032 ex
473 991 511 1033 ea
538 969 695 1034 varietate
728 970 873 1053 capiant,
905 992 1002 1054 qnam
1029 969 1116 1033 infra
1143 968 1242 1055 positi

100 1076 282 1141 scholarum
306 1075 426 1140 indices
452 1076 574 1140 affatim
599 1076 824 1162 suppeditant:
849 1099 929 1161 quos
952 1073 986 1141 et
1009 1097 1155 1141 crescens
1179 1076 1242 1139 sin·

100 1184 185 1269 gulis
210 1182 304 1247 annis
328 1182 497 1247 doctorum
519 1183 704 1267 frequentia
728 1189 761 1249 et
784 1183 973 1268 multiplicis
997 1182 1163 1248 doctrinae
1187 1204 1243 1266 ap·

99 1294 233 1377 paratus
256 1289 437 1354 uberrimus
461 1289 542 1354 satis
566 1289 658 1354 vobis
683 1290 930 1356 commendabit.
964 1289 1035 1365 Qua
1057 1291 1167 1353 tamen
1191 1312 1243 1353 va-

99 1399 215 1463 rietate
243 1397 336 1462 vobis
364 1400 513 1462 auctores
544 1419 654 1462 sumus
682 1401 719 1462 ut
748 1419 819 1463 cnm
847 1396 966 1462 iudicio
995 1400 1093 1481 atque
1116 1396 1243 1462 delectu

99 1505 235 1570 utamini
264 1526 343 1569 neve
372 1504 623 1589 obliviscamini,
656 1505 742 1589 qnod
766 1505 914 1594 oblivisci
937 1526 1038 1589 paene
1062 1503 1097 1567 in
1121 1525 1244 1568 morem

100 1613 198 1678 vertit
224 1611 319 1676 huius
348 1611 481 1695 saeculi,
514 1611 714 1691 πολυμαθίην
743 1612 823 1678 νόον
851 1612 891 1677 οὐ
914 1611 1018 1694 φύειν,
1051 1609 1107 1675 sed
1130 1632 1243 1675 omnes

99 1720 230 1785 virtutis
253 1740 404 1784 numeros
428 1720 465 1784 ἓν
488 1719 614 1784 τέλειον
638 1719 812 1784 continere.

188 1826 250 1891 Est
279 1829 404 1907 autem,
437 1845 532 1908 quem
564 1825 686 1908 partim
720 1830 864 1890 veterum
897 1825 1054 1890 librorum
1088 1824 1243 1890 beneficio

99 1933 222 2017 partim
242 1932 429 1997 virationis
449 1931 654 1996 emendatum
673 1932 841 1997 vobiscum
861 1931 1144 2015 communicamus,
1168 1931 1243 1995 Phi-

99 2040 269 2107 lolachetis
292 2038 507 2106 adulescentis
530 2039 564 2103 in
587 2038 835 2107 Mostellaria
857 2038 910 2105 hic
934 2059 1049 2105 sermo.

566 2259 777 2266 *μέ-υ-..

660 2399 689 2466 8.

100 2543 246 2629 Epilog
269 2567 312 2609 zu
336 2545 417 2609 dem
440 2543 663 2628 Programm
687 2541 811 2607 ‘Porcii
830 2541 934 2608 Licini
954 2543 992 2608 de
1012 2544 1081 2609 vita
1101 2543 1245 2609 Terentii

349 2673 460 2716 versus
483 2651 666 2736 integritati
689 2649 847 2715 restituti'
872 2647 995 2736 (1859).

189 2794 388 2860 Mirabimini
416 2794 570 2878 fortasse,
598 2793 849 2876 commilitones,
876 2792 1000 2857 nnllam
1027 2794 1060 2857 in
1084 2793 1145 2860 hae
1174 2798 1245 2860 tota

101 2903 322 2987 disputatione
346 2902 544 2967 mentionem
567 2901 698 2985 Iosephi
722 2900 880 2987 Scaligeri
903 2900 1035 2982 factam,
1059 2901 1112 2985 qui
1137 2901 1244 2967 Porcii

61 3020 69 3034 ⁸
101 3033 212 3076 versus
240 3033 261 3075 a
288 3031 322 3074 se
351 3012 387 3074 ut
414 3009 462 3073 ait
489 3009 667 3094 castigatos
696 3006 1029 3073 animadversionibus
1054 3007 1088 3071 in
1110 3007 1244 3073 Eusebii

100 3115 339 3201 Chronologica
372 3116 438 3181 suis
471 3115 607 3180 inseruit
638 3139 668 3200 p.
703 3117 766 3180 144
798 3115 846 3180 ed.
879 3114 934 3180 alt.
980 3112 1161 3179 Fatendum
1194 3119 1244 3180 est

101 3227 209 3289 autem
239 3227 367 3307 praeter
394 3245 493 3287 unum
521 3245 649 3291 versum
677 3226 817 3306 sextum,
849 3223 906 3288 ubi
934 3222 999 3287 aba
1020 3223 1055 3286 in
1078 3220 1245 3287 Graecam

100 3334 189 3396 recto
213 3330 330 3396 iudicio
355 3328 464 3413 edidit,
487 3330 521 3395 in
544 3330 676 3414 reliquis
695 3352 778 3414 quae
797 3352 855 3394 sua
873 3351 951 3394 usus
970 3313 1154 3394 coniectura
1172 3351 1244 3413 pro-

100 3437 211 3521 posuit
233 3437 383 3503 omnibus
402 3459 443 3501 ne
462 3460 560 3502 unam
579 3437 708 3522 quidem
728 3460 809 3522 quae
829 3437 959 3521 probari
981 3435 1085 3520 possit
1102 3436 1243 3501 litteram

100 3566 180 3610 esse.
226 3544 380 3620 Quodne
405 3543 440 3607 in
461 3546 554 3608 tanto
579 3544 649 3608 vir'o
673 3565 842 3628 perperam
866 3541 1137 3627 interpretemini,
1165 3542 1245 3608 obli·

100 3651 181 3717 visci
208 3650 310 3715 nolite
339 3655 478 3735 quantos
507 3673 565 3734 per
588 3650 704 3716 horum
728 3650 826 3715 trium
851 3650 1051 3714 saeculorum
1075 3649 1244 3715 decursum

101 3756 273 3839 disciplina
295 3757 495 3841 philologica
518 3777 708 3841 progressus
732 3754 857 3839 fecerit,
884 3755 918 3819 in
946 3755 1008 3820 hoc
1036 3756 1243 3838 potissimum

101 3863 303 3928 intricatione
327 3884 453 3948 genere,
476 3864 511 3927 in
534 3885 597 3948 quo
621 3862 706 3947 quod
730 3884 814 3925 nunc
836 3864 930 3926 tanto
954 3861 1149 3947 plusquam
1173 3861 1245 3928 Sca·

98 3969 195 4055 ligeri
227 3973 333 4035 aetate
366 3992 480 4053 sapere
513 3968 695 4053 didicimus,
731 3990 795 4032 non
828 3972 960 4033 nostrae
991 3969 1100 4052 potins
1132 3970 1242 4034 virtuti

98 4101 197 4163 quam
226 4076 360 4142 alterins
385 4074 543 4163 Scaligeri
571 4076 681 4141 divino
710 4075 839 4160 ingenio
869 4079 1038 4158 acceptum
1067 4077 1244 4159 referimus,

100 4183 232 4249 Ricardi
256 4183 402 4248 Bentleii.
439 4183 553 4267 Itaque
576 4183 637 4248 hoc
660 4182 807 4266 exemplo
832 4183 947 4245 moniti
972 4183 1005 4246 in
1030 4184 1144 4247 vestris
1169 4206 1244 4267 qno·

100 4312 164 4376 que
188 4289 313 4371 studiis,
337 4311 474 4373 quorum
499 4287 645 4352 etruria
668 4292 701 4351 et
724 4289 813 4352 lauta
836 4287 1050 4353 invitamenta
1073 4289 1165 4353 vobis
1189 4313 1244 4374 pa-

98 4400 173 4462 rata
201 4397 231 4462 ei
258 4396 313 4480 qui
342 4395 478 4462 subiecti
507 4398 583 4459 sunt
605 4395 726 4459 indices
750 4392 940 4477 ostendunt,
969 4394 1049 4458 illud
1072 4394 1244 4480 diligenter

97 4507 210 4571 cavete
234 4526 274 4568 ne
297 4503 444 4587 deposita
468 4524 549 4586 qnae
573 4502 750 4568 maioribus
774 4501 910 4567 debetur
932 4501 1114 4568 reverentia
1132 4503 1244 4567 immo·
