2986 5010
272 331 339 394 404
561 347 823 397 raouuoouuus
847 350 894 395 nu
919 350 1126 398 sarromavs

361 488 482 566 Quodsi
515 490 644 574 praeter
669 497 763 574 pater
795 492 878 557 illud
909 492 1101 577 quibusdam
1134 492 1169 556 in
1200 492 1283 558 locis
1314 515 1417 577 pauca

273 598 429 683 quaedam
455 598 520 663 alia
542 599 719 684 bisyllaba,
747 602 784 664 ut
809 600 923 665 nimis
945 602 1072 666 modus
1093 602 1214 679 miser,
1245 601 1282 665 in
1306 624 1417 667 eorum

272 729 353 791 quae
377 706 482 771 adhuc
504 705 716 771 tractavimus
740 707 928 771 societatem
952 729 1022 771 esse
1045 708 1148 772 ascita
1170 707 1357 773 videantur:
1381 708 1417 772 de
1462 719 1466 727 ’

270 813 323 879 bis
347 814 409 879 etsi
433 814 651 901 quaerendum
675 816 726 878 est
749 813 897 898 amplius,
919 817 1030 878 tamen
1048 814 1083 878 in
1100 837 1256 898 praesens
1275 815 1418 881 breviter

271 921 334 985 dici
357 920 419 986 hoc
441 924 559 1006 potest,
582 921 671 985 etin
696 920 903 986 liberioribus
926 921 1039 986 metris
1063 942 1133 986 esse
1157 923 1270 988 omnia
1295 928 1329 988 et
1351 946 1416 989 ms·

271 1027 391 1092 rimam
424 1032 549 1111 partem
582 1027 634 1092 vel
666 1032 839 1112 propterea
866 1027 1033 1113 ambigua,
1066 1029 1164 1114 quod,
1197 1052 1272 1095 cunr
1301 1031 1338 1095 in
1358 1031 1416 1097 his

271 1135 382 1199 metris
405 1135 505 1200 etiam
529 1137 691 1219 correptio
721 1135 806 1200 inter
828 1135 925 1201 binas
949 1157 1044 1202 voces
1068 1135 1175 1201 media
1198 1137 1345 1203 admissa
1368 1139 1417 1221 sit

272 1264 369 1326 saepe
392 1264 506 1327 pamm
531 1242 654 1327 liqueat
677 1241 717 1306 ad
741 1245 850 1306 utrum
873 1242 931 1307 illa
954 1263 1056 1327 genus
1079 1243 1241 1328 pertinere
1261 1244 1417 1311 dieamus.

272 1346 422 1415 Senarios
446 1350 710 1434 septenariosque
729 1370 802 1414 cum
820 1350 1002 1416 trochaicos
1021 1355 1092 1415 tum
1110 1350 1269 1416 iambicos
1289 1352 1332 1417 ab
1352 1354 1415 1418 illis

271 1458 421 1523 omnibus
449 1457 656 1522 abhorruisse
686 1456 901 1521 certissimum
925 1462 982 1523 est
1029 1459 1144 1542 Apage
1168 1462 1279 1524 autern
1305 1482 1416 1526 corum

271 1569 303 1630 et
326 1565 441 1650 putida
464 1568 498 1629 et
519 1565 650 1631 indocta
672 1556 822 1647 artificia,
845 1565 900 1649 qui
924 1566 1022 1630 etiam
1044 1564 1099 1644 u’l,
1126 1565 1186 1644 su,
1204 1567 1268 1649 p’r,
1286 1570 1416 1651 proptr,

271 1672 332 1757 rbi,
354 1672 419 1752 sbi,
441 1673 537 1755 rr'quc,
555 1672 619 1756 cr’t,
637 1671 726 1755 ud’st,
745 1670 847 1749 l’bello,
866 1673 1060 1751 condumam,
1079 1672 1215 1756 csp’riri,
1233 1675 1416 1759 imp’ritum,

270 1780 370 1863 crp'dr'
397 1784 430 1845 et
457 1780 577 1845 similia
605 1779 780 1845 commenti
808 1783 885 1844 sunt
911 1802 970 1864 pro
992 1780 1042 1845 uel
1064 1781 1118 1846 scd
1132 1784 1250 1862 peret
1274 1782 1416 1868 reliquis,

270 1892 366 1972 atque
391 1887 469 1953 adeo
492 1887 592 1971 ncmp'
606 1887 832 1966 Phormionem,
855 1886 920 1952 iud'
934 1908 1064 1966 armum,
1087 1887 1173 1952 imm'
1192 1910 1276 1968 uero,
1300 1893 1354 1956 vel
1378 1892 1415 1970 br,

270 1994 300 2073 ἐ,
323 1995 358 2078 b,
382 1994 436 2078 ⁹90,
460 1995 500 2059 'bc'
522 2017 581 2080 pro
605 1996 640 2060 irc
662 2000 691 2059 ct
712 1995 748 2060 ob
770 2015 822 2078 cpe
845 1995 901 2072 ibi,
926 1998 959 2059 et
982 1995 1067 2080 quod
1091 2018 1254 2061 summum
1279 2003 1345 2082 est,
1366 1999 1413 2080 pu’

269 2122 328 2185 pro
346 2103 467 2183 quidet
480 2103 572 2183 quod:
591 2124 673 2186 quae
692 2123 799 2166 merae
817 2101 1031 2186 praestrigiae
1050 2107 1126 2168 sunt
1144 2107 1179 2168 et
1197 2103 1415 2188 glaucomata

740 2423 850 2471 ccrvr
874 2406 947 2471 XII.

359 2565 538 2651 Postquam
555 2567 772 2632 inveteratum
793 2567 832 2630 de
851 2567 1001 2651 neglecta
1021 2567 1052 2632 vi
1070 2566 1246 2653 positionis
1267 2568 1415 2654 errorem,

269 2697 333 2760 quo
360 2674 443 2739 nihil
471 2675 544 2758 plus
573 2675 678 2740 obfuit
701 2675 870 2740 Plautinae
900 2675 1071 2758 prosodiae
1098 2679 1185 2741 recte
1213 2677 1415 2760 iudicandae,

198 2799 255 2839 chx
270 2783 425 2848 radicitus
456 2781 605 2847 evellisse
634 2782 794 2865 videmur,
826 2781 952 2866 reliqua
981 2782 1089 2866 capita
1120 2782 1234 2847 licebit
1263 2784 1323 2848 ita
1345 2807 1414 2868 per·

269 2892 436 2976 stringere,
459 2893 495 2954 ut
513 2890 546 2953 in
566 2890 611 2953 eis
630 2889 846 2973 potissimum,
869 2888 907 2952 dc
927 2889 1043 2974 quibus
1064 2889 1105 2953 ab
1125 2889 1264 2955 aliorum
1285 2891 1413 2976 placitis

212 3039 236 3072 2
268 2998 347 3062 mihi
376 3019 447 3061 esse
476 2995 730 3061 dissentiendum
758 2996 899 3078 videam,
931 3018 1015 3060 nunc
1039 2995 1198 3061 subsistat
1221 2997 1413 3083 disputatio,

267 3107 396 3187 praeter
430 3108 536 3168 cetera
568 3107 677 3167 autem
711 3103 902 3168 certioribus
935 3103 1054 3167 finibus
1088 3125 1126 3168 ea
1157 3103 1413 3189 circumscribat,

268 3233 350 3294 quae
373 3233 438 3276 non
461 3212 613 3296 ignorata
636 3210 736 3294 vulgo
759 3215 869 3274 tamen
893 3210 991 3274 nimis
1015 3215 1175 3296 vagantur
1196 3211 1412 3295 plurimorum

269 3318 430 3402 opinione.
461 3318 506 3383 Et
525 3319 678 3404 quoniam
697 3318 731 3381 in
750 3316 999 3382 usitatissimam
1023 3318 1200 3383 binarum
1220 3320 1412 3385 vocalium

268 3427 480 3510 synizesim
508 3427 618 3510 paullo
643 3429 718 3490 ante
742 3424 847 3488 oratio
871 3424 997 3508 incidit,
1024 3424 1078 3490 hic
1101 3447 1228 3511 quoque
1251 3425 1336 3491 illud
1359 3427 1412 3492 ob·

268 3534 460 3600 servandum
483 3536 533 3597 est
556 3535 685 3615 praeter
708 3534 822 3614 cetera,
846 3534 882 3594 ut
905 3535 938 3594 ct
960 3535 1139 3596 metrorum
1157 3551 1282 3614 genera
1305 3538 1338 3598 ct
1361 3554 1413 3619 gc·

266 3664 344 3705 nera
372 3639 605 3706 vocabulorum
636 3623 883 3722 diligentissime
917 3637 1149 3703 discernantur.
1195 3637 1296 3705 Mitto
1329 3626 1412 3705 nunc

233 3798 234 3801 η
266 3751 351 3814 dcirr
387 3748 517 3812 deinde
551 3745 681 3810 debinc
710 3745 825 3826 proin
856 3744 1016 3826 proinde
1046 3745 1214 3810 deorsum
1245 3767 1411 3813 scorsum

260 3862 399 3941 procot
419 3859 646 3937 praeoptare
669 3849 770 3937 (Trin.
793 3850 873 3937 648)
901 3853 998 3916 coirc
1025 3853 1145 3916 anteit
1170 3853 1331 3919 antebac
1358 3858 1412 3920 in-

267 3967 382 4029 troire
400 3962 443 4048 (v.
458 3958 512 4047 10)
533 3961 605 4044 alia,
629 3981 711 4044 quae
734 3981 911 4044 numquam
934 3959 998 4023 nisi
1023 3963 1186 4023 contracte
1211 3960 1411 4027 dictasunt:

266 4093 342 4135 nam
365 4067 522 4145 introibts,
553 4066 593 4131 de
621 4087 684 4151 quo
709 4086 781 4129 vere
810 4066 876 4129 iam
899 4064 1065 4129 Bentleius
1089 4065 1124 4129 in
1147 4065 1249 4133 Andr.
1274 4068 1315 4152 V,
1339 4071 1369 4150 2,
1391 4069 1409 4132 9

242 4236 244 4240 ,
267 4177 376 4260 sensit,
399 4198 439 4241 ne
464 4173 580 4240 Bacch.
603 4172 660 4257 IV,
683 4173 712 4256 8,
732 4173 774 4237 66
785 4170 816 4257 *)
841 4172 971 4258 quidem
994 4177 1148 4258 quattuor
1163 4196 1243 4239 esse
1269 4177 1410 4261 syllaba·

266 4307 338 4348 rum
362 4283 465 4367 credo,
489 4284 544 4348 sed
569 4281 689 4367 aliquid
713 4280 868 4345 excidisse
891 4279 1089 4346 huiusmodi:

267 4410 478 4418 Ἁ-ῌ--α

373 4479 398 4549 s)
421 4479 474 4551 [Cf.
493 4479 564 4533 Nou.
584 4493 642 4532 exc.
663 4475 754 4530 Plaut.
774 4475 785 4527 Ι
805 4493 831 4545 p-
852 4473 908 4544 8¹]
