2986 5010
218 315 283 379 422
508 328 772 377 raonaoouaua
795 328 842 375 ns
866 326 1075 374 asrrournvs
1194 383 1199 385 .

307 473 403 539 Nunc
431 473 496 537 iarn
525 473 669 538 animum
696 471 758 534 huc
787 493 912 555 omnes,
939 473 1022 556 quae
1050 470 1177 555 loquar,
1206 469 1370 534 adudrtite

219 599 328 664 nescio
352 621 393 664 an
417 599 544 664 defendi
568 598 674 684 possit
695 599 754 663 buc
772 620 850 680 quoe
874 598 984 684 loquor
1006 596 1129 660 dictum
1153 617 1212 680 pro
1235 596 1280 659 ud
1296 594 1371 659 lrooc

219 728 297 789 quoe
321 706 442 789 loquor:
467 707 552 791 quod
576 707 605 770 si
628 705 711 770 nihil
735 706 787 783 sit,
811 705 916 769 deleto
941 725 1044 768 oornes
1067 704 1165 768 scribi
1181 702 1314 797 ¹poterit

308 829 403 895 Nunc
431 830 495 894 iam
523 830 666 895 animum
695 830 758 894 huc
782 828 821 893 rid
849 851 900 912 ea,
931 850 1013 914 quae
1037 828 1168 912 loquar,
1192 826 1372 891 aduertite:

220 979 296 1022 narn
320 957 464 1022 omnium
489 955 620 1020 minime
643 955 841 1040 placiturum
865 957 909 1020 sit

308 1079 404 1146 Nune
424 1081 488 1147 iam
513 1087 624 1148 ornnes
649 1081 793 1147 animum
817 1081 858 1145 ad
881 1083 919 1145 e'a
942 1102 1024 1166 quae
1053 1081 1169 1164 loquar
1197 1078 1372 1143 aduortite.

222 1224 299 1291 Sine
319 1225 407 1291 omni
427 1230 534 1290 autem
554 1225 757 1290 dubitatione
772 1224 851 1290 haec
866 1228 943 1288 sunt
958 1224 1076 1307 Amph.
1091 1222 1132 1307 Π,
1148 1224 1176 1307 1,
1190 1223 1221 1286 9.
1237 1220 1277 1303 V,
1296 1223 1324 1303 1,
1339 1223 1373 1285 4:

311 1367 436 1432 Tamen
459 1367 536 1452 quin
561 1368 671 1450 loqrcdr
695 1368 774 1432 haec
797 1365 848 1431 uti
869 1366 956 1431 facta
980 1371 1056 1431 sunt
1079 1362 1142 1431 hic.

310 1473 380 1538 Iam
411 1483 446 1541 ut
475 1475 647 1557 opprimor,
678 1479 715 1537 ut
744 1473 862 1539 enioer:
893 1495 943 1537 me
972 1469 1137 1559 miseram,
1167 1471 1245 1558 quid
1274 1493 1374 1557 agam

862 1602 979 1646 nescio.

223 1727 346 1804 Quibus
370 1748 464 1810 nuno,
486 1731 660 1812 postquam
684 1727 722 1791 de
746 1727 958 1809 productione
983 1727 1062 1790 satis
1086 1729 1229 1808 constat,
1253 1725 1376 1790 addere

223 1838 339 1916 suapte
362 1837 480 1898 natura
504 1832 695 1918 ambiguum
718 1832 901 1915 exemplum
925 1832 1036 1896 licebit
1061 1832 1155 1896 Pocn.
1179 1832 1220 1915 V,
1244 1835 1274 1917 6,
1298 1834 1333 1897 4:

216 1985 220 1995 ’
312 1976 358 2041 Vt
381 1979 432 2042 me‘
457 1976 659 2060 suspendam,
685 1999 725 2042 ne
748 1977 877 2043 addicor
901 1977 1119 2063 Agorastocli:
1233 2016 1238 2029 ·

223 2143 337 2205 parum
366 2121 450 2184 enim
479 2122 610 2205 elegans
638 2121 688 2184 vel
717 2121 827 2204 potius
855 2120 1005 2184 horridus
1034 2121 1095 2184 iste
1120 2119 1163 2184 sit
1185 2120 1378 2186 tribrachus

224 2250 262 2292 ex
285 2228 426 2292 odili-ocir
448 2228 515 2311 cipri
539 2229 746 2311 compositus.
792 2226 854 2292 Sed
880 2227 1076 2292 Menaechm.
1099 2226 1141 2310 Il,
1164 2228 1193 2310 3,
1221 2229 1262 2291 10
1287 2233 1380 2294 recte

224 2338 261 2398 ut
288 2334 416 2398 videtur
443 2334 649 2399 Hermannus
677 2334 782 2399 Elem.
806 2335 906 2400 doctr.
930 2338 1022 2398 metr.
1045 2357 1075 2417 p.
1100 2334 1164 2398 395
1188 2336 1379 2418 anapaesti·

224 2464 297 2506 cum
326 2441 491 2525 discripsit
517 2464 599 2507 raa-uc
626 2443 696 2506 cram
724 2442 827 2525 rzdrbo,
855 2442 997 2523 alloquor
1019 2441 1110 2505 riltro.
1133 2478 1175 2487 -
1199 2440 1272 2505 lam
1296 2465 1378 2508 vero

224 2548 340 2614 melius
370 2549 484 2633 opinor
510 2549 699 2633 perspicies,
729 2572 825 2633 quam
856 2549 1038 2633 corrigendi
1067 2570 1165 2631 opera
1194 2548 1223 2613 ei
1248 2571 1379 2616 succes-

224 2656 317 2739 serit,
345 2657 400 2740 qui
428 2656 505 2720 dum
533 2679 567 2720 se
598 2656 666 2720 vult
688 2656 835 2720 criticum
860 2655 985 2738 haberi,
1013 2655 1099 2720 hunc
1121 2655 1154 2719 in
1179 2654 1380 2723 Trinummo

225 2764 345 2829 bellurn
369 2764 564 2829 versiculum
589 2764 654 2828 540
678 2762 840 2846 procudit:

314 2906 392 2972 Sues
417 2907 537 2991 angina
560 2908 743 2971 moriuntur
765 2908 938 2971 acerrume.

315 3047 402 3115 Satis
427 3055 505 3135 puto
531 3050 691 3134 apparuit,
713 3048 795 3112 nihil
814 3049 875 3113 sibi
896 3051 1063 3133 proprium
1082 3051 1201 3116 habere
1219 3056 1378 3118 naturam

226 3179 243 3220 r
271 3157 399 3221 litterae
428 3156 550 3241 finalis,
578 3178 641 3240 quo
668 3177 878 3242 praegressae
907 3157 1027 3221 vocalis
1057 3158 1199 3224 brevitas
1226 3158 1377 3224 intende-

227 3267 326 3328 retur.
362 3263 430 3328 Nec
453 3265 557 3349 magis
577 3263 609 3327 id
627 3265 662 3327 in
682 3263 762 3328 alias
782 3267 996 3329 consonantes
1016 3265 1110 3330 cadit.
1149 3265 1271 3341 Quodsi
1286 3268 1378 3348 furris

224 3371 332 3451 fecer-is
359 3370 516 3454 producta
542 3370 659 3434 ultima
687 3375 842 3454 usurpata
865 3378 950 3454 sunt,
980 3377 1213 3457 contraatque
1237 3374 1378 3455 infusis

81 3505 213 3545 ouxxxn
226 3478 332 3558 facitis
357 3478 472 3559 s'coishs
499 3477 620 3542 ornabis
647 3476 781 3555 factum,
810 3500 848 3541 ex
877 3478 980 3561 ipsius
1008 3479 1128 3542 vocalis
1151 3486 1269 3544 natura
1293 3481 1377 3546 illud

226 3584 349 3667 pariter
376 3588 474 3667 atque
503 3585 536 3648 in
562 3585 640 3648 uotis
666 3586 710 3648 sis
737 3586 801 3649 edis
827 3586 898 3649 cluis
925 3606 1008 3649 aoros
1040 3586 1122 3668 lopus
1149 3586 1224 3669 lepos
1256 3589 1377 3673 lepores,

227 3697 324 3775 atque
347 3691 428 3756 adeo
452 3691 486 3755 in
510 3692 620 3772 loquor
641 3712 742 3758 arrorer
761 3693 864 3776 repeti
883 3697 916 3756 et
935 3693 1019 3757 ratio
1039 3694 1128 3777 cogit
1146 3698 1178 3757 et
1195 3695 1378 3776 productae

226 3800 396 3864 dicaturus
418 3800 559 3863 dixeritis
582 3799 706 3864 formae
735 3800 848 3864 iubent
872 3800 1078 3884 antiquitatis
1101 3801 1259 3885 propriae.
1307 3802 1378 3868 Nec

227 3906 472 3989 productionem
500 3905 608 3990 potius
638 3912 650 3970 t
676 3907 787 3972 littera
809 3907 920 3971 finitae
949 3907 1061 3972 breves
1090 3909 1248 3992 syllabae,
1277 3933 1376 3995 quam

228 4013 306 4077 item
329 4013 481 4097 primitus
504 4013 678 4096 productae
698 4015 934 4098 correptionem
954 4037 1068 4098 passae
1088 4020 1171 4079 sunt.
1204 4014 1291 4081 Nam
1312 4019 1379 4084 nisi

229 4144 301 4187 mea
324 4144 376 4186 me
400 4121 586 4187 coniectura
609 4122 659 4186 vel
684 4123 793 4206 potius
818 4123 1026 4188 ratiocinatio
1052 4122 1145 4207 fallit,
1169 4122 1263 4206 idem,
1289 4126 1380 4210 quod

229 4229 263 4293 in
290 4229 430 4313 primam
461 4232 495 4292 et
524 4228 712 4313 secundam,
748 4231 846 4294 etiam
875 4230 910 4293 in
938 4229 1070 4294 tertiam
1098 4251 1270 4313 personam
1301 4255 1381 4298 con-

230 4335 445 4400 iunctivorum
470 4336 565 4400 cadit.
612 4334 703 4400 Vnde
726 4336 866 4401 efficitur
890 4336 992 4401 multo
1017 4337 1115 4401 latius
1139 4340 1264 4420 patere,
1291 4342 1381 4425 quod

229 4464 294 4506 non
318 4464 449 4525 prorsus
468 4443 555 4528 fugit
573 4445 813 4528 grammaticos,
836 4448 873 4508 ut
891 4443 1053 4528 Boppium
1073 4444 1215 4509 Gramm.
1235 4464 1382 4530 compar.
