2910 5010
125 390 126 393 ,
258 333 323 397 720
484 348 719 395 uaranuscnn
743 335 962 414 aasentias,
986 349 1193 416 anaassarr,

375 543 414 631 n)
439 545 493 609 Im
516 544 760 610 Prooemium
783 544 848 608 des
872 543 1121 611 Wintersem.
1151 547 1314 629 1853Jf>4

503 670 556 755 (de
581 670 729 754 sepulcro
752 667 924 734 Furiorum
949 668 1166 755 Tusculano).

348 812 501 896 Habetis,
533 812 600 877 cari
633 811 870 898 adulescentes,
902 817 1070 896 tamquam
1104 814 1353 897 promulsidem
1384 819 1413 877 ut

260 919 350 985 aiunt
378 941 487 984 aarum
516 920 635 1003 dapum
665 942 745 1004 quas
774 919 854 984 satis
883 924 917 983 et
943 919 1050 983 varias
1079 923 1115 984 et
1145 921 1262 986 lautas
1287 925 1410 1005 paratas

259 1026 377 1091 videtis
406 1030 439 1090 et
466 1025 644 1090 liberaliter
673 1025 850 1110 appositas.
896 1025 1021 1102 Quibus
1050 1027 1100 1090 ita
1128 1028 1271 1092 utimini
1302 1032 1340 1091 ut
1360 1049 1409 1091 nec

260 1133 440 1218 degustatis
464 1133 634 1198 delicatius
652 1153 711 1197 nec
731 1132 935 1217 appetentius
955 1132 1156 1217 helluemini,
1183 1135 1243 1198 sed
1269 1157 1343 1199 cum
1364 1134 1407 1197 de

260 1240 344 1303 lectu
365 1261 444 1304 sana
463 1243 496 1303 et
513 1240 676 1324 simplicia
694 1243 856 1305 sectantes
875 1239 1040 1305 misceatis
1058 1240 1142 1304 utile
1165 1241 1265 1305 dulci.
1291 1240 1405 1305 Valete.

399 1557 432 1646 o)
455 1558 507 1624 lm
531 1558 772 1625 Prooemium
796 1560 863 1624 des
888 1556 1152 1625 Summersem.
1182 1562 1272 1627 1854

637 1683 831 1769 (veriloquis
853 1681 1028 1769 Plautina).

348 1826 456 1912 Atque
478 1825 558 1890 haec
581 1826 661 1890 satis
686 1829 783 1891 sunto
808 1827 842 1889 in
865 1827 1038 1910 praesenti,
1062 1826 1184 1910 quibus
1209 1829 1253 1892 ad
1272 1851 1398 1913 eaquae

259 1933 344 1997 infra
367 1934 475 2019 posita
497 1936 573 1996 sunt
596 1931 785 1997 eruditionis
809 1932 1023 1997 instrumenta
1046 1934 1241 2018 variamque
1266 1936 1397 2019 discipli-

260 2063 375 2105 narum
395 2040 631 2124 supellectilem
651 2039 737 2104 oculi
756 2040 855 2104 vestri
875 2040 1038 2125 animique
1057 2041 1285 2108 traducantur.
1315 2043 1396 2106 Vnde

258 2149 426 2231 curabitis,
454 2170 551 2233 quem
574 2147 614 2212 ad
637 2147 770 2213 modum
793 2147 1023 2231 consuevistis,
1051 2148 1146 2214 utin
1172 2151 1296 2215 artium
1318 2151 1392 2215 litte

259 2276 431 2338 rarumque
455 2253 563 2317 studia
587 2258 695 2318 vestra
719 2259 751 2319 et
776 2255 815 2318 ad
839 2277 966 2319 omnem
989 2255 1233 2320 humanitatem
1254 2258 1395 2323 informa·

257 2361 378 2424 tionem
405 2360 530 2424 fructus
558 2361 673 2444 optimi
703 2362 883 2426 redundent
911 2360 1119 2446 discendique
1144 2363 1276 2428 feruore
1299 2371 1394 2429 vestro

257 2471 408 2550 prompta
431 2467 615 2555 docentium
639 2468 788 2533 voluntas
813 2471 1016 2553 exaequetur.
1061 2467 1191 2534 Valete.

392 2783 428 2872 p)
453 2786 508 2851 lm
532 2787 774 2853 Prooemium
798 2787 864 2852 des
889 2786 1151 2856 Sommersem.
1181 2793 1269 2857 1855

593 2909 646 2998 (de
669 2913 765 2976 titulo
789 2911 1065 3001 Lambaesitano).

345 3051 414 3116 Vos
439 3058 548 3119 autem
571 3054 806 3119 commilitones
831 3057 937 3120 valete
961 3060 993 3120 et
1012 3078 1084 3120 cum
1104 3058 1174 3122 alia
1193 3064 1305 3124 curate
1324 3079 1393 3144 quac

255 3181 313 3223 ros
342 3180 454 3223 curare
485 3160 632 3241 addecet,
664 3164 733 3224 tum
763 3165 891 3245 praeter
919 3166 1026 3227 cetera
1049 3163 1147 3248 illud,
1181 3172 1220 3231 ut
1245 3168 1290 3232 sit
1313 3166 1393 3231 vobis

258 3286 349 3328 mens
374 3288 453 3330 sana
477 3267 510 3331 in
534 3289 669 3352 corpore
693 3290 780 3333 sano.

385 3531 420 3618 q)
444 3533 497 3598 Im
520 3534 762 3599 Prooemium
786 3535 849 3600 des
874 3535 1117 3602 Wintersem.
1146 3539 1275 3625 185os6

553 3655 607 3744 (de
629 3661 710 3724 idem
732 3661 828 3724 udan
850 3683 942 3744 pron.
965 3659 1104 3747 formis).

346 3799 469 3866 Tantae
500 3802 596 3866 molis
624 3806 694 3866 erat
722 3803 921 3868 breviculam
945 3802 1039 3867 dere
1063 3803 1186 3886 pusilla
1210 3807 1393 3874 admonitio

254 3929 342 3992 nem,
375 3908 430 3973 sed
460 3910 572 3993 magni
603 3908 663 3974 viri
694 3909 947 3975 admonitionem
977 3932 1037 3974 sua
1066 3911 1197 3996 sibique
1229 3914 1339 3980 debita
1363 3915 1392 3978 iu

255 4014 325 4080 lucc
358 4016 525 4081 collocare.
581 4014 704 4091 Quodsi
736 4017 961 4101 memineritis,
994 4018 1059 4082 cari
1094 4019 1350 4104 commilitones,
1378 4043 1392 4083 e

254 4122 363 4205 parvis
388 4126 422 4187 et
444 4123 571 4206 pusillis
596 4143 715 4207 magna
734 4124 845 4188 omnia
862 4128 895 4188 et
913 4123 1054 4188 maxima
1072 4125 1218 4209 conflari,
1244 4151 1304 4193 nec
1322 4129 1392 4193 haec

254 4229 370 4312 ignave
394 4230 660 4312 praetermittetis
685 4251 743 4294 nec
766 4232 908 4316 ineptius
936 4231 992 4295 illa
1014 4230 1205 4316 fastidistis,
1236 4237 1291 4300 sed
1315 4236 1392 4300 salu-

253 4336 317 4399 tari
345 4336 481 4400 consilio
511 4337 655 4420 utrisque
684 4338 879 4402 consociatis
902 4359 996 4403 omne
1020 4358 1077 4402 vos
1101 4344 1262 4419 punctum
1287 4343 1393 4406 tulisse

253 4443 492 4507 existimabitis.
