2992 5004
254 319 320 388 338
544 339 807 389 raouasorrarm
829 339 877 387 na
901 338 1111 388 aarroumvs

253 482 416 549 aesculum
437 485 601 548 uicarium
624 484 799 549 scriberem
826 485 1016 549 aesculum
1038 485 1216 561 uicarium,
1249 484 1332 547 item
1356 504 1406 548 co-

255 590 363 655 dicum
386 612 437 655 me
460 592 601 676 vestigia
624 597 810 675 moverunt,
839 592 876 655 in
898 592 1015 676 quibus
1040 595 1091 655 est
1113 590 1277 654 ursillum:
1311 611 1407 674 aegre

254 698 341 761 enim
364 697 553 782 perspicias,
576 699 632 782 qui
656 698 737 765 adeo
760 699 927 764 obscurari
950 698 1177 783 planissimum
1202 702 1237 761 et
1263 720 1326 761 usu
1350 697 1406 760 tri·

252 809 323 869 tum
351 806 513 870 aasaslum
541 807 694 889 potuerit.
739 805 815 871 Non
843 805 1060 889 incommode,
1092 806 1185 870 cuius
1218 805 1407 889 significare

252 912 433 977 exilitatem
464 912 577 996 vellet,
609 934 731 978 sescum
759 915 924 978 uicarium
954 912 1048 996 dixit,
1080 912 1119 976 de
1147 934 1212 995 quo
1242 912 1406 977 vocabulo

254 1019 394 1103 Appulei
421 1021 616 1104 interpretes
644 1024 780 1105 egerunt
807 1020 848 1085 ad
876 1019 1007 1084 Metam.
1033 1019 1080 1084 XI
1107 1019 1193 1083 init:
1227 1018 1406 1084 deminuti·

252 1146 326 1187 vam
353 1127 527 1192 aesculus
556 1127 696 1191 formam
724 1132 757 1191 et
778 1125 894 1191 Festus
923 1130 1064 1191 testatur
1087 1131 1120 1189 et
1142 1125 1177 1189 in
1200 1125 1408 1210 quibuslibet

252 1231 420 1296 adiectivis
444 1235 603 1299 sermonis
622 1255 724 1319 genus
740 1234 931 1298 Plautinum
950 1232 1104 1315 admittit,
1128 1232 1407 1317 quemadmodum

252 1338 317 1402 alia
340 1360 477 1423 quoque,
500 1344 538 1404 ut
560 1341 749 1418 rrenwtulus,
773 1340 1017 1422 liquidiuscdtsa
1042 1338 1141 1403 semel
1165 1342 1299 1403 tantum
1319 1360 1406 1422 repe

252 1446 389 1510 riantur.
435 1446 507 1522 Quo
537 1447 642 1511 minus
669 1449 792 1512 veritus
821 1469 893 1512 sum
916 1469 975 1531 pro
992 1446 1117 1528 placide
1140 1468 1169 1510 v.
1194 1447 1261 1510 726
1286 1448 1406 1511 substi-

251 1556 341 1616 tuere
376 1553 569 1634 placidula
582 1551 633 1639 *.):
679 1554 871 1639 praesertim
913 1574 986 1617 cum
1023 1552 1182 1617 adjectivo
1219 1554 1405 1635 placidula

252 1660 350 1723 etiam
383 1659 549 1725 Ausonius
582 1664 701 1725 utatur.
737 1698 780 1708 —
819 1660 925 1726 Paene
958 1661 1078 1725 oblitus
1112 1682 1185 1723 sum
1219 1660 1403 1744 repositum

251 1788 280 1829 v.
295 1767 360 1831 820
381 1767 602 1849 salipotenti
625 1767 805 1849 defendere,
828 1768 879 1831 vel
903 1769 1012 1852 potius
1035 1767 1191 1852 repellere
1215 1789 1276 1850 per
1300 1768 1403 1831 libros

250 1895 362 1938 omnes
395 1879 613 1960 propagatum
645 1875 844 1957 satsipotcnti.
900 1874 993 1950 Quod
1025 1897 1144 1959 quaero
1179 1876 1236 1959 qui
1270 1876 1403 1940 tandem

250 1984 361 2045 tueare
385 1983 528 2065 omnino,
552 2004 625 2045 cum
648 1986 735 2044 recto
754 2002 831 2045 sane
848 1981 967 2045 mmm
985 2002 1055 2045 esse
1075 2001 1164 2044 mare
1183 1981 1326 2064 dicatur,
1350 1982 1402 2045 sed

250 2110 309 2152 nec
340 2089 459 2152 sclsrrm
491 2109 551 2152 nec
582 2088 668 2152 salsa
694 2110 849 2171 umquam
873 2087 908 2152 in
931 2086 1094 2151 latinitate
1122 2108 1182 2172 pro
1210 2088 1286 2172 ipso
1318 2089 1399 2153 mari

121 2220 235 2260 axxxrr
249 2194 336 2259 dicta
360 2196 437 2278 sint,
459 2217 499 2259 ne
523 2196 564 2260 ab
589 2196 629 2259 iis
653 2195 782 2279 quidem
806 2195 911 2279 poetis
935 2194 990 2277 qui
1013 2193 1128 2258 talium
1152 2194 1245 2259 fuere
1269 2195 1401 2260 feracis·

250 2303 336 2366 simi:
367 2308 404 2366 ut
425 2302 606 2383 satsipoterrs
628 2300 800 2387 Neptunus
823 2324 889 2366 non
913 2302 957 2364 sit
979 2300 1061 2364 alius
1084 2300 1215 2365 futurus
1240 2303 1307 2367 nisi
1333 2325 1401 2367 mu·

250 2409 440 2472 riaticorum
462 2412 588 2491 potens.
625 2405 746 2473 Contra
770 2412 803 2472 et
824 2409 890 2472 sale
913 2411 946 2471 et
968 2407 1034 2472 salo
1057 2406 1124 2471 iam
1148 2408 1286 2492 antiqua
1311 2415 1400 2475 aetas

250 2513 333 2578 dixit
356 2536 415 2598 pro
439 2515 585 2600 eoquod
610 2520 660 2579 est
683 2512 866 2599 ‘mari'.**)
912 2512 1048 2578 Accedit
1077 2513 1163 2597 quod
1186 2536 1305 2599 pamm
1329 2540 1401 2600 pro-

249 2621 335 2686 fecto
354 2622 521 2706 eleganter
542 2623 758 2704 salsipoterrli
772 2622 918 2703 Neptuno
936 2626 965 2685 a
981 2620 1124 2701 tlacbbus
1145 2621 1264 2686 salsis
1287 2624 1400 2690 laudes

249 2728 303 2812 agi
332 2731 503 2812 gratesque
531 2729 645 2793 haberi
674 2730 832 2794 dicuntur.
856 2765 900 2775 —
922 2727 984 2792 His
1008 2731 1044 2791 ut
1067 2726 1199 2791 tandem
1224 2728 1327 2794 finem
1349 2730 1397 2794 fa·

248 2836 333 2900 ciam
348 2874 389 2883 —
404 2858 481 2900 nam
501 2835 612 2901 omnia
629 2836 826 2900 exhausturo
845 2834 1096 2900 commentarius
1119 2837 1300 2917 perpetuus
1325 2838 1401 2901 scri·

248 2941 370 3006 bendus
395 2943 439 3006 sit
465 2942 568 3006 -de
596 2942 756 3026 corruptis
784 2965 813 3006 v.
840 2942 922 3006 1021
951 2940 1136 3005 nominibus
1164 2943 1310 3026 propriis
1339 2946 1401 3009 etsi

247 3050 385 3114 aliorum
405 3049 525 3114 iudicia
544 3054 687 3135 expecto,
710 3048 925 3134 probabiliter
942 3053 1052 3112 tamen
1071 3051 1104 3111 et
1118 3046 1332 3115 Obiracbrrs
1354 3051 1401 3116 in-

248 3159 380 3218 ventum
412 3158 491 3238 puto
525 3158 558 3219 et
588 3155 627 3219 de
659 3154 836 3219 Cercobolus
868 3153 1065 3235 dubitatum,
1097 3154 1174 3238 quia
1206 3156 1248 3218 ab
1287 3158 1401 3222 eadem

247 3264 359 3339 κέρκο(
382 3284 459 3325 voce
481 3260 605 3325 factum
629 3283 747 3325 nomen
762 3261 942 3325 Comicus
964 3259 1143 3344 praecedit:
1167 3263 1254 3344 quod
1275 3266 1340 3329 etsi
1360 3267 1401 3330 ad

247 3367 355 3451 ipsam
372 3367 564 3432 furatrinam
583 3390 648 3432 non
667 3368 763 3450 valet,
783 3373 893 3432 tamen
912 3373 949 3432 ut
967 3367 1120 3431 liberiore
1134 3367 1265 3434 iocandi
1280 3393 1401 3457 genere

246 3475 354 3540 lusum
369 3477 422 3539 rix
437 3476 541 3540 ausim
556 3476 740 3540 sollicitare.
764 3472 886 3551 Quodsi
901 3475 1081 3558 repositum
1096 3474 1321 3544 Gricolabus
1333 3503 1402 3546 non

247 3586 296 3646 est
319 3582 479 3647 dissimile
502 3584 583 3666 veri,
611 3604 811 3667 consequens
835 3584 886 3645 est
909 3585 946 3645 ut
968 3582 1053 3645 tueri
1075 3581 1171 3645 liceat
1192 3585 1402 3652 trochaicam

246 3712 430 3755 mensnram
454 3689 599 3774 contigui
621 3689 772 3770 nominiS,
797 3687 882 3774 quod
906 3688 940 3751 in
963 3688 1055 3752 libris
1075 3687 1231 3753 scribitur
1249 3694 1400 3761 crium:

246 3820 311 3861 non
340 3799 461 3862 insulse
492 3798 593 3882 igitur
622 3797 796 3861 Crimnus
826 3795 888 3861 dici
919 3797 1007 3860 risus
1035 3799 1202 3879 tamquam
1225 3797 1403 3867 famelicus

244 3906 383 3983 rptpvorc
406 3904 438 3968 h.
453 3927 478 3968 e.
499 3905 591 3969 micis
611 3904 706 3989 panis
726 3905 795 3986 ipse
814 3902 1041 3987 intentus.***)
1071 3903 1109 3967 In
1132 3902 1287 3970 hibridae
1312 3911 1403 3974 vocis

245 4013 385 4095 speciem
413 4017 450 4076 ut
477 4012 543 4076 alia
570 4011 655 4095 apud
679 4010 829 4075 Plautum
857 4010 966 4075 fictum
990 4032 1060 4074 esse
1084 4010 1266 4077 Collabas
1291 4021 1404 4099 potest

333 4278 359 4343 ⁸)
380 4277 525 4346 [placided
544 4275 643 4344 Trin.¹,
662 4276 696 4330 ci.
717 4277 787 4332 Nor.
808 4293 866 4331 exc.
885 4276 898 4329 I
917 4294 942 4346 p.
963 4274 1018 4346 88]

314 4365 358 4432 **)
378 4365 429 4433 [Cf.
450 4364 551 4435 Opusc.
571 4365 640 4435 phil.
662 4365 699 4418 [ΙΙ
717 4384 744 4436 p.
765 4372 816 4421 146
827 4366 900 4436 sqq]

297 4452 354 4521 m)
374 4453 490 4523 [Crinas
508 4454 606 4508 Trin.¹.
644 4454 685 4509 Οἱ.
706 4454 807 4524 Opnsc.
826 4456 894 4525 phil.
914 4455 953 4509 Ill
972 4475 998 4526 p.
1018 4461 1122 4525 tltsq.
1142 4458 1217 4529 345]
