2992 5004
492 365 755 416 ennuoarroms
779 365 986 414 rnavrmea
1241 350 1306 416 293

161 510 248 577 Nam
272 532 346 576 cum
368 509 455 575 haud
479 531 563 594 raro,
585 510 676 575 nulla
699 512 811 575 tamen
834 510 869 574 in
891 510 954 577 hoc
978 531 1096 596 genere
1115 506 1309 596 constantia,

162 619 315 685 bifariam
338 617 458 684 divisas
481 619 619 706 paginas
642 618 772 701 hebeat,
795 639 925 683 rursum
949 621 1058 683 autem
1082 619 1117 685 in
1136 618 1188 685 his
1206 619 1309 685 incre·

113 797 118 806 ¹
162 724 255 791 dibili
285 726 505 792 inconstantia
535 725 697 809 duplicem
728 725 1022 790 continuandorum
1053 749 1204 793 versuum
1228 726 1310 793 ordi·

161 856 248 899 nem:
281 834 367 919 quod
399 833 494 918 quale
528 834 572 898 sit
604 833 800 918 explicatum
833 837 884 899 est
915 832 1083 921 Parergon
1113 858 1143 919 p.
1166 835 1231 902 488
1248 828 1309 919 sq:

161 945 232 1006 tum
262 940 343 1007 alies
373 941 409 1005 in
439 941 512 1006 aliis
543 941 691 1025 partibus
721 962 837 1005 manus
867 943 1003 1026 apparet
1027 942 1139 1007 eodem
1162 945 1308 1026 tempore

161 1049 209 1114 ita
233 1052 407 1134 occupatas
430 1048 540 1131 luisse,
563 1052 601 1112 ut
624 1071 644 1113 a
667 1047 806 1132 singulis
830 1047 983 1133 librariis,
1006 1049 1175 1115 monachis
1194 1050 1309 1134 opinor

162 1157 310 1221 coenobii
341 1156 478 1222 alicuius
508 1155 690 1221 Germanici
725 1155 836 1241 eisque
868 1154 962 1220 valde
994 1155 1147 1241 indoctis,
1180 1157 1309 1244 singula

160 1284 262 1347 pensa
285 1265 529 1329 conficerentur.
576 1261 647 1338 Quo
675 1261 799 1328 factum
827 1266 878 1327 est
904 1268 942 1329 ut
970 1269 1004 1329 et
1027 1263 1231 1349 quarundam
1254 1288 1309 1350 pa·

161 1369 311 1456 ginarum
333 1375 443 1455 partes
474 1374 570 1455 atque
600 1369 679 1436 adeo
704 1369 862 1455 quaedam
885 1370 1025 1457 paginae
1048 1371 1194 1457 integrae
1216 1395 1309 1458 pror·

161 1499 215 1542 sus
239 1499 360 1546 recisae
383 1477 517 1543 relictae
540 1477 623 1562 sint,
652 1479 684 1541 ct
707 1476 903 1561 quibusdam
926 1477 962 1541 in
984 1478 1065 1545 locis
1089 1479 1196 1545 iustae
1219 1503 1307 1545 men-

161 1607 256 1650 surae
280 1585 556 1671 quaternionibus,
579 1587 617 1649 ut
639 1584 694 1670 qui
715 1606 795 1670 ques
815 1585 970 1651 deberent
987 1584 1097 1651 Plauti
1115 1591 1223 1672 partes
1241 1610 1308 1654 non

160 1697 327 1778 caperent,
358 1715 463 1759 novae
491 1693 701 1758 membranae
728 1692 937 1778 postmodum
961 1693 1151 1760 inserendae
1174 1696 1307 1760 luerint:

160 1821 296 1885 quarum
319 1822 426 1866 rerum
450 1802 598 1886 exempla
612 1799 777 1865 Poenulus
800 1800 1008 1884 potissimum
1032 1804 1065 1866 et
1078 1800 1178 1868 Persa
1201 1807 1307 1868 osten·
1349 1848 1354 1856 -

159 1906 247 1972 dunt.
293 1907 439 1973 Indidem
468 1908 548 1973 illud
577 1907 801 1992 explicandum
830 1907 930 1993 quod,
962 1931 1035 1974 cum
1057 1910 1230 1994 pleraeque
1253 1932 1307 1994 pe·

159 2016 254 2100 ginae
285 2015 436 2081 binorum
464 2019 497 2080 et
525 2015 826 2101 quinquagenorum
854 2037 1005 2080 versuum
1029 2016 1110 2102 sint,
1141 2019 1249 2082 tamen
1272 2018 1307 2082 in

162 2123 235 2188 aliis
258 2123 286 2188 is
309 2144 462 2189 numerus
486 2121 527 2187 ad
550 2139 612 2187 mv
637 2125 750 2186 auctus
774 2123 840 2206 est,
868 2121 903 2186 in
925 2122 999 2188 aliis
1023 2145 1081 2208 per
1103 2123 1211 2190 varios
1235 2145 1307 2210 gra-

163 2231 222 2296 dus
250 2230 297 2296 ita
324 2230 530 2314 imminutus,
561 2232 599 2294 ut
626 2230 754 2294 exstent
780 2228 814 2292 in
843 2229 959 2313 quibus
982 2236 1116 2315 propter
1138 2231 1306 2298 insolitam

159 2338 341 2403 litterarum
369 2335 590 2421 granditatem
612 2354 726 2402 xxxiv
748 2339 876 2401 tentum
899 2337 1014 2422 scripti
1037 2338 1110 2404 sint
1155 2336 1306 2405 Ceterum

162 2444 248 2509 hunc
275 2443 416 2509 codicem
440 2444 605 2509 sciendum
630 2447 680 2508 est
702 2442 871 2509 Plautinas
895 2443 1024 2510 fabulas
1047 2444 1108 2510 XX
1131 2467 1244 2512 omnes
1267 2469 1305 2513 eo

159 2551 214 2636 qui
244 2550 396 2636 vulgatur
423 2551 536 2616 ordine
564 2551 740 2636 complecti
764 2573 830 2616 una
857 2572 930 2616 cum
952 2551 1230 2619 VIDVLARIAE
1258 2555 1305 2619 in·

160 2660 335 2744 scriptione
363 2657 560 2725 Truculento
594 2659 753 2744 subiecta,
785 2659 999 2743 praemissam
1031 2665 1139 2727 autem
1170 2660 1399 2747 Amphi-*mx

161 2766 272 2834 truoni
305 2789 325 2831 a
356 2765 412 2831 fol.
439 2766 484 2831 lb
516 2765 556 2830 ad
590 2765 641 2830 9a
673 2764 924 2842 QVEROLVM.
970 2765 1098 2832 Herum
1121 2768 1306 2835 fabularum
1398 2838 1401 2843 ,

160 2873 239 2940 XXI
261 2873 402 2939 indicem
426 2873 531 2960 prima
553 2873 676 2959 pagina
698 2876 788 2937 tenet
810 2871 862 2937 his
885 2873 992 2939 verbis
1016 2876 1217 2958 praemissis:
1250 2876 1305 2942 ‘ln

158 2981 220 3047 hoc
251 2982 417 3046 uolumine
449 2981 656 3047 continentur
688 2980 851 3046 comediae
883 2981 988 3065 plauti
1019 3003 1153 3048 numero
1185 2981 1306 3070 XXH’,

159 3089 255 3154 unius
280 3093 387 3154 autem
410 3110 522 3154 versus
546 3088 652 3172 spatio
676 3088 792 3154 relicto
816 3088 901 3153 inter
923 3089 1083 3173 Epidicff
1098 3093 1131 3154 et
1152 3090 1314 3174 Boebeidos

158 3196 300 3261 nomina.
329 3193 422 3272 Quod
445 3216 509 3280 quo
534 3197 659 3279 spectet
681 3195 755 3259 inde
778 3194 988 3281 intellegitur,
1011 3196 1097 3282 quod
1119 3218 1247 3264 rursum
1270 3199 1306 3263 in

161 3326 200 3369 ea
222 3303 353 3388 pagine,
375 3302 411 3366 in
434 3323 497 3386 qua
520 3301 634 3386 incipit
657 3301 864 3388 Amphitruo,
887 3324 971 3387 quae
994 3307 1044 3367 est
1065 3303 1122 3370 fol.
1145 3304 1203 3391 9b,
1224 3306 1306 3371 haec

159 3412 326 3497 leguntur:
349 3408 406 3475 ‘In
429 3410 490 3474 hoc
514 3409 680 3474 uolumine
704 3410 911 3475 continentur
934 3410 1097 3476 comediae
1119 3412 1224 3496 plauti
1237 3434 1305 3478 nu·
1408 3485 1416 3498 .

158 3540 264 3584 mero.
279 3568 286 3582 .
302 3568 308 3582 .
324 3515 349 3582 .'
382 3516 525 3602 (erasum
558 3521 609 3583 est
637 3517 744 3603 VIII)
778 3539 851 3583 cum
883 3517 988 3583 indice
1020 3522 1094 3585 octo
1122 3519 1305 3585 fabularum

158 3626 304 3717 priorum
327 3646 412 3691 nunc
435 3646 568 3709 prorsus
592 3646 693 3690 eraso.
740 3625 888 3711 Apparet
911 3624 1012 3709 igitur
1035 3625 1076 3690 ab
1100 3625 1194 3692 initio
1218 3649 1305 3692 seor·

160 3755 232 3798 sum
256 3732 386 3816 scriptis
411 3735 484 3797 octo
508 3732 673 3816 prioribus
696 3736 812 3817 postea
834 3732 964 3797 demum
988 3732 1161 3798 accessisse
1185 3734 1220 3798 in
1241 3734 1304 3799 fine

159 3841 302 3907 adiectas
325 3840 523 3924 posteriores
547 3839 726 3925 duodecim,
749 3840 783 3904 in
806 3839 965 3925 principio
989 3839 1172 3916 Querulum
1192 3840 1304 3907 -Dc

158 3948 351 4014 correcturis
375 3946 516 4012 secunda
538 3969 638 4012 manu
660 3947 767 4032 factis,
790 3969 926 4032 quarum
950 3948 984 4011 in
1008 3949 1105 4013 certis
1128 3948 1248 4013 fabulis
1273 3953 1306 4014 et

158 4053 335 4120 multitudo
359 4074 479 4140 magna
502 4056 535 4118 et
558 4054 778 4119 memorabilis
798 4054 882 4118 ratio
902 4057 960 4138 est,
983 4053 1090 4120 dicam
1109 4054 1150 4120 ad
1164 4053 1304 4121 Militem

158 4162 337 4247 gloriosum
353 4163 397 4246 [p.
412 4158 525 4226 XVIII
535 4161 631 4246 sqq.]:
652 4160 692 4225 ad
707 4159 931 4225 Trinummum
952 4161 1038 4227 enim
1057 4161 1118 4227 boc
1137 4163 1204 4227 fere
1223 4163 1303 4229 nihil

159 4268 310 4353 pertinet.
332 4305 376 4315 —
399 4268 580 4335 Verborum
610 4267 775 4333 distinctio
804 4289 957 4352 persaepe
985 4273 1042 4334 eut
1064 4270 1154 4335 nulla
1176 4274 1226 4335 est
1249 4274 1305 4335 eut

160 4397 273 4459 prave:
293 4376 379 4460 quod
393 4376 523 4461 quidem
537 4397 639 4461 genus
654 4374 894 4459 discrepantiae
907 4375 1004 4440 facile
1019 4376 1213 4463 intelligitur
1225 4399 1302 4462 pau·

160 4481 298 4547 cissimis
322 4483 477 4568 exemplis
500 4487 533 4549 et
560 4486 687 4548 tanturn
711 4481 896 4566 speciminis
920 4504 1035 4550 caussa
1058 4485 1303 4552 commemorari
