2986 5010
273 325 339 392 434
561 343 822 397 rnonsconsns
847 346 894 396 ns
918 346 1128 396 nsrioumvs

272 489 489 574 interpunctio
513 497 623 557 tamen
642 493 797 578 sequitur.
829 491 943 579 Itaque
963 494 1024 560 etsi
1046 494 1137 559 nullo
1160 492 1294 577 negotio
1317 493 1424 554 trans·

81 649 83 655 .
171 625 253 666 ‹zxcv
270 598 348 681 poni
372 596 480 663 callers
502 600 603 681 edepol
631 598 789 686 potuit*),
819 606 928 666 tamen
956 601 997 667 ad
1020 602 1165 686 elapsam
1187 599 1299 684 potius
1323 598 1425 682 sylla·

270 706 346 770 bam
375 706 532 771 librorum
561 707 721 791 scriptura
749 713 803 772 tuo
833 708 936 791 edepol
965 712 1112 792 spectare
1143 707 1213 772 visa
1244 709 1296 770 est
1330 704 1425 792 (nam

270 814 393 895 aedepol
421 836 480 897 pro
509 814 611 895 adeat
638 836 735 897 quam
763 815 915 898 frequens
940 819 990 879 est
1012 815 1047 878 in
1069 814 1205 880 noviciis
1229 814 1298 878 FZ
1318 813 1426 894 libris,

269 922 338 984 tam
362 919 468 984 estin
492 921 636 1004 antiquis
660 919 833 1008 insolens),
862 945 879 985 c
903 944 967 1007 qua
991 927 1147 986 tetecum
1171 919 1292 985 Bothio
1317 921 1426 984 effeci-

269 1049 350 1091 mus.
395 1012 459 1092 llla
482 1019 605 1108 autem,
627 1028 663 1090 o't
684 1034 774 1111 opust
795 1031 827 1092 te'
844 1031 891 1093 ito
913 1049 988 1106 esse,
1012 1027 1085 1111 ipsa
1107 1028 1157 1092 vis
1181 1028 1366 1092 sententiae
1391 1032 1426 1091 et

269 1136 349 1200 artis
377 1135 461 1200 ratio
490 1134 665 1219 flagitabat
690 1140 724 1200 ut
747 1137 793 1200 sic
817 1136 1054 1214 collocarentur
1077 1138 1203 1199 mutato
1227 1138 1366 1199 accentu
1389 1135 1428 1197 u‘t

268 1247 358 1324 opust
386 1245 433 1307 ito
463 1249 490 1306 to
519 1263 592 1307 esse:
638 1243 798 1327 reliquum
828 1244 929 1328 igitur
960 1246 1030 1307 erat
1060 1244 1097 1306 nt
1124 1243 1146 1306 d
1172 1238 1425 1326 adiceretur.**)

268 1347 423 1413 Eiusdem
452 1350 579 1414 litterae
609 1350 794 1415 adiumento
823 1350 942 1415 licebat
969 1351 1068 1414 tertio
1098 1371 1205 1431 versu,
1236 1372 1321 1434 quae
1350 1350 1426 1432 ipsa

269 1456 511 1521 constructione
526 1457 635 1522 iuncta
651 1462 735 1541 sunt,
753 1457 994 1541 pronuntiando
1014 1479 1141 1542 quoque
1158 1460 1308 1522 coartare
1327 1456 1426 1520 istoru

267 1583 332 1626 rem
364 1565 407 1627 od
436 1566 506 1628 need
535 1563 755 1648 oddone***):
794 1565 976 1649 elegantius
1012 1571 1123 1630 tamen
1155 1564 1261 1628 visum
1296 1568 1349 1628 est
1382 1566 1428 1629 od

267 1690 315 1733 me
346 1670 446 1735 verba
477 1670 602 1735 intendi
636 1674 710 1735 ante
743 1692 807 1735 rem
837 1672 1006 1738 collocata
1052 1670 1204 1759 Dubitari
1235 1675 1350 1754 potest
1384 1672 1425 1735 de

179 1790 184 1794 ’
267 1775 383 1841 Bacch.
406 1776 472 1840 430
496 1778 604 1858 [462];

241 1983 244 1985 Α
356 1918 479 1984 Verum
502 1920 666 2004 ingenium
691 1922 765 2005 plds
789 1923 918 2004 triptota
940 1922 1033 1986 anan
1060 1922 1178 1985 maiust
1196 1943 1298 2005 quam
1317 1921 1427 2005 alteri,

267 2062 324 2126 ubi
346 2084 406 2126 nec
426 2068 493 2126 tam
513 2066 689 2149 commoda,
713 2088 810 2149 quam
835 2067 869 2128 in
894 2065 1018 2129 lacerata
1040 2069 1130 2129 uncto
1152 2070 1303 2146 exspreto,
1328 2088 1425 2129 voea-

269 2169 418 2233 hulorum
447 2170 533 2235 inter
554 2194 596 2259 se
619 2175 877 2236 constructorum
906 2172 1078 2254 diremptio
1104 2176 1166 2254 est,
1195 2176 1230 2235 et
1252 2171 1425 2255 perfacilis

267 2278 479 2361 transpositio
502 2280 618 2343 enoiost
640 2279 782 2363 constat)

208 2378 209 2381 ¹
354 2384 459 2449 Tanta
486 2385 587 2469 igitur
615 2408 687 2451 cum
716 2384 795 2470 fuga
822 2385 932 2450 hiatus
960 2386 1058 2451 fuerit
1080 2384 1345 2469 locupletissima
1370 2410 1424 2452 ex·

265 2492 430 2555 cusatione
459 2491 592 2575 muniti,
622 2493 737 2577 quibus
765 2492 896 2557 tandem
924 2494 1080 2559 machinis
1108 2516 1173 2558 non
1196 2494 1422 2559 excusabilem

264 2597 389 2662 hiatum
422 2603 531 2663 tamen
564 2599 732 2664 defensum
770 2599 856 2664 ibis?
908 2599 1039 2665 Scilicet
1076 2599 1162 2684 quod
1196 2623 1216 2664 a
1254 2611 1424 2666 caesura

265 2707 474 2789 tetrametris‚
502 2706 586 2770 idem
615 2709 655 2772 ab
684 2708 796 2772 eadem
825 2729 959 2772 caesura
981 2706 1177 2791 praesidium
1205 2707 1342 2773 fuerunt
1366 2709 1421 2792 qui

264 2816 413 2895 paratum
442 2835 512 2878 esse
536 2813 703 2878 hiantibus
733 2815 869 2879 senariis
893 2815 1020 2879 vellent.
1067 2812 1140 2889 Qua
1171 2814 1421 2897 comparatione

264 2919 347 2984 nihil
371 2920 508 3005 cogitari
532 2921 669 2986 alienius
692 2925 809 3005 potest.
858 2922 952 2987 Adeo
978 2922 1062 2985 enim
1086 2920 1168 2984 nihil
1192 2921 1420 2986 similitudinis

265 3028 349 3091 inter
371 3033 542 3110 utramque
566 3049 733 3093 caesuram
761 3029 947 3112 intercedit,
976 3028 1061 3112 quod
1090 3025 1220 3110 quidem
1245 3026 1286 3090 ad
1311 3028 1418 3092 minu-

264 3133 381 3197 endam
412 3133 519 3197 hiatus
544 3134 755 3199 offensionem
778 3136 899 3218 valeat,
924 3139 959 3198 ut
986 3133 1212 3197 diversissimis
1238 3135 1418 3216 generibus

265 3239 421 3303 discretae
450 3241 524 3304 sint.
571 3241 663 3317 Quod
693 3241 866 3306 discrimen
895 3247 981 3305 reete
1005 3243 1176 3307 senserunt
1199 3240 1252 3323 qui
1278 3241 1418 3305 alteram

165 3385 177 3411 .
264 3349 391 3410 tantum
425 3367 605 3432 caesuram,
643 3347 814 3413 diaeresim
848 3347 984 3412 alteram
1018 3349 1186 3429 vocarunt,
1217 3368 1417 3432 quamquam

263 3474 322 3517 nec
350 3457 495 3517 veterum
526 3455 718 3520 auctoritate
748 3458 781 3518 et
810 3454 909 3518 aliam
940 3455 982 3518 ob
1013 3475 1159 3518 caussam
1191 3474 1263 3519 meo
1295 3454 1417 3521 iudicio

265 3561 433 3625 nonsatis
457 3561 678 3643 probabiliter.
721 3560 782 3626 Sed
805 3561 844 3625 de
867 3561 999 3627 nomine
1022 3564 1196 3643 utcumque
1220 3564 1358 3645 statues,
1384 3585 1419 3627 re

263 3666 417 3731 interesse
445 3667 619 3752 plurimum
649 3673 799 3752 apparet,
826 3690 938 3733 versus
966 3668 1122 3733 incisione
1150 3667 1260 3750 aliqua
1285 3659 1418 3735 ordines

158 3797 251 3838 exevr
265 3772 440 3854 rhythmici
464 3780 631 3840 serventur
655 3799 696 3840 an
719 3775 869 3841 consulto
893 3775 1100 3840 dissecentur.
1137 3772 1259 3850 Quodsi
1285 3798 1418 3842 servan·

224 3912 229 3921 r
264 3886 331 3964 tur,
359 3886 396 3945 ut
423 3881 456 3945 in
486 3884 683 3948 tetrametris
712 3883 875 3966 omnibus,
903 3880 983 3945 nihil
1016 3879 1204 3964 offensionis
1228 3882 1280 3947 vel
1306 3884 1417 3949 hiatus

264 4034 477 4042 ---..--,-.

369 4114 395 4182 ')
416 4111 475 4184 [Sic
501 4110 529 4164 in
555 4111 598 4165 ed.
623 4111 671 4168 alt.
696 4111 867 4166 Ritsohelius
891 4128 955 4166 cum
978 4111 1072 4167 Reiaio
1094 4110 1317 4180 hermannoque
1336 4112 1415 4168 dedit

264 4201 425 4270 improbans
444 4216 529 4270 quam
548 4199 602 4254 hoo
621 4200 683 4255 loco
703 4202 797 4254 tuetur
814 4198 910 4254 Bothii
924 4199 1133 4270 coniecturam]

352 4288 394 4357 **)
414 4288 466 4360 [Ol.
486 4289 560 4343 infra
578 4307 603 4358 p.
623 4303 719 4358 com,
738 4289 809 4344 Nor.
830 4304 888 4343 exc.
907 4286 999 4343 Plaut.
1019 4290 1032 4343 1
1050 4306 1076 4358 p.
1096 4288 1152 4358 47]

333 4375 390 4446 m)
410 4377 469 4448 [Sic
488 4378 578 4431 'Prin‘
596 4378 630 4434 cl.
650 4378 721 4433 Nos.
741 4395 799 4433 exc.
819 4376 909 4432 Plant
930 4379 986 4447 lp.
1006 4379 1062 4448 lb]
1100 4384 1101 4387 ’

359 4470 388 4535 †)
408 4467 499 4535 [boio
517 4468 600 4520 anno
617 4470 720 4521 πιαίνει
737 4467 766 4521 in
787 4466 909 4521 editione
928 4466 1008 4521 dedit
1026 4466 1219 4537 Ritschelius.]
