2986 5010
453 341 714 390 unuuouuroms
737 342 946 388 curvemus.
1205 324 1270 388 433

215 486 386 552 Postremo
405 486 518 572 edepol
538 489 600 571 ego
620 487 717 551 istem
736 508 803 551 rem
823 486 930 551 adme
952 486 1082 550 ditioere
1103 486 1271 570 intellego.

216 575 337 678 [dique
361 593 461 658 istum
485 615 545 679 ego
569 615 682 680 agrum
705 591 770 658 tibi
788 595 922 677 relinqui
944 594 981 658 o'b
1000 616 1071 658 eam
1091 616 1159 658 rem
1179 594 1271 658 enixe

766 704 906 787 expeto]

215 808 397 893 Vdpulcbis
421 831 492 874 meo
509 809 671 874 debitratu
693 811 722 873 e't
743 831 903 874 nouorum
927 807 1094 873 sedilium.

193 928 195 931 ’
217 914 303 997 [Nisi
327 916 425 980 etiam
450 916 594 981 labdrem
618 916 658 980 nd
679 918 830 1007 dumorum
851 917 1006 999 ‹ippocom
1025 916 1204 1000 epithecam
1224 913 1270 981 in·
1287 939 1380 982 oxcrv

766 1024 885 1106 super]

214 1131 286 1197 Hae
310 1131 417 1197 sonitu
441 1133 499 1196 sud
524 1131 605 1196 mihi
627 1111 747 1196 mnam
769 1130 907 1195 officient
928 1129 1139 1195 iucdmmode.

127 1272 177 1337 Ex
206 1273 258 1338 his
287 1274 443 1357 exemplis
472 1278 541 1339 tam
570 1278 707 1358 certum,
729 1278 766 1338 ut
788 1296 853 1339 non
878 1274 982 1357 possit
1006 1278 1058 1338 sut
1080 1271 1146 1337 leni
1169 1276 1271 1336 mirte-

44 1399 48 1401 ·
127 1381 216 1446 tione
239 1381 407 1466 removeri,
429 1382 555 1446 nullum
578 1385 628 1445 est
651 1387 780 1466 praeter
803 1387 939 1465 sextum,
963 1381 1014 1445 cui
1039 1401 1098 1465 ego
1124 1380 1272 1464 quintum

127 1486 224 1571 socio,
247 1488 457 1573 quantumvis
480 1489 526 1553 ibi
550 1488 655 1553 facilis
680 1488 723 1552 sit
745 1489 901 1553 arbitrato
923 1509 988 1552 meo
1007 1485 1272 1573 transpositio*):

125 1594 165 1658 de
188 1595 321 1679 reliquis
346 1583 497 1661 omuibus
521 1596 627 1661 verius
652 1596 694 1661 ob
714 1617 843 1661 caussas
862 1617 933 1660 esse
952 1594 1164 1660 dubitandum
1184 1599 1273 1678 puto.

128 1700 237 1788 Atque
266 1702 423 1787 septimus
452 1725 563 1767 versus
593 1725 649 1768 cur
676 1703 719 1768 sit
749 1704 817 1768 sine
848 1726 941 1769 mora
970 1702 1045 1767 hinc
1073 1701 1274 1787 relegandus,

129 1832 227 1893 supra
241 1810 334 1875 docui
350 1832 379 1893 p.
388 1826 482 1874 cuxx
490 1809 592 1890 [4121
616 1809 665 1874 De
680 1815 795 1894 quarto
814 1832 880 1875 non
899 1810 1090 1892 dubitarem,
1109 1809 1172 1873 nisi
1186 1808 1274 1874 aliud

130 1916 202 1999 ipsu
225 1916 370 1982 codicum
388 1915 529 2001 vestigia
547 1917 729 2002 suaderent,
747 1918 786 1981 de
806 1918 922 2001 quibus
942 1940 971 2001 p.
985 1935 1086 1981 uxxu
1102 1917 1194 1997 [329]
1211 1916 1273 1981 dic·

33 2066 35 2068 v
126 2028 205 2088 tum.
229 2023 307 2110 Tres
322 2027 432 2088 nutem
444 2024 567 2107 primos
582 2046 693 2089 versus
708 2045 793 2109 nego
807 2024 911 2089 hiatui
926 2023 1125 2089 admittendo
1141 2023 1273 2087 omnino

127 2134 179 2195 sat
203 2132 389 2197 commodos
413 2154 496 2197 esse:
520 2131 560 2196 ad
585 2154 679 2216 quem
703 2133 765 2197 etsi
789 2132 920 2197 minime
939 2130 1069 2215 requiro
1090 2131 1273 2215 graviorem

127 2237 269 2323 aliquam
293 2239 452 2304 orationis
476 2238 688 2322 institionem‚
711 2243 821 2303 temen
845 2239 947 2303 altere
971 2260 1009 2302 ex
1032 2242 1124 2321 parte
1143 2260 1274 2303 consen·

127 2349 259 2409 tuneum
288 2348 338 2409 est
363 2365 546 2430 repugnare
570 2345 674 2410 hiatui
697 2347 717 2411 i.
741 2368 766 2411 e.
790 2346 963 2411 cessationi
989 2345 1078 2410 vocis
1101 2346 1184 2410 tales
1208 2367 1276 2410 ver·

1 2481 2 2485 ¹
103 2480 104 2485 ¹
128 2452 243 2515 borum
267 2453 525 2518 constructiones
555 2452 860 2539 enuntiatorumque
891 2453 1178 2537 conformationes,
1206 2453 1274 2536 qui·

128 2558 188 2621 bus
212 2579 270 2622 eae
292 2557 382 2642 ipsae
407 2580 509 2637 voces,
533 2581 614 2644 quas
637 2559 837 2625 discriminet
859 2561 979 2640 hiatus,
1002 2560 1274 2645 ligentur'potius

131 2668 164 2728 et
201 2664 373 2729 continuae
410 2666 687 2748 pronuntiationis
720 2669 911 2733 necessitate
945 2668 1138 2733 vincientur.
1183 2665 1275 2731 Nihil

131 2771 287 2836 eiusmodi
311 2771 346 2835 in
368 2772 500 2856 reliquis
524 2773 575 2838 vel
594 2772 775 2839 Trinummi
791 2773 851 2850 ¹vel
874 2774 926 2838 his
950 2773 1147 2839 Bacchidum
1171 2795 1274 2837 exem-

129 2878 192 2962 plis
215 2877 320 2943 hiatui
345 2879 467 2945 obstat:

83 3087 85 3092 .
216 3004 324 3106 itque
352 3026 478 3087 eccstor
507 3025 592 3107 sipud
620 3023 705 3089 hunc
734 3025 869 3105 fluuium
891 3024 1013 3107 dimetrii
1041 3023 1275 3108 perdunddmst

511 3170 517 3183 .
771 3132 844 3197 tibi:
1104 3187 1107 3191 .
1245 3177 1249 3187 „

219 3221 269 3301 Ibi
294 3259 404 3322 cursu,
426 3238 643 3322 luctindo**),
665 3240 756 3317 duco,
778 3238 877 3317 iustu,
901 3239 1060 3324 pugiletd,
1083 3239 1164 3322 pilu:

218 3328 297 3409 iude
321 3345 359 3409 de
382 3345 597 3430 hippodromo
621 3348 654 3409 et
676 3346 838 3428 palaestra
864 3345 994 3430 coi***)
1018 3347 1198 3411 reuenisse's
1222 3345 1275 3409 do·
1363 3399 1371 3415 .

770 3475 869 3518 mum:

222 3543 254 3621 it
278 3560 435 3644 magister
458 3560 551 3644 quisi
575 3561 700 3626 letenna
721 3561 812 3625 sinete
836 3564 986 3643 exspretu
1009 3558 1124 3625 linteo:

222 3650 307 3747 [itur
329 3666 419 3732 illinc
441 3667 512 3732 idre
535 3669 622 3732 diem
644 3666 750 3732 hu‘eirw
772 3667 825 3732 hic
848 3670 943 3751 pacto
966 3669 1099 3751 potest:]

131 3808 231 3873 immo
255 3809 425 3892 aptissime
448 3809 553 3875 hiatui
577 3832 646 3874 esse
670 3809 816 3874 membra
834 3810 990 3874 orationis
1010 3813 1155 3894 apparet.
1192 3806 1276 3873 Gou-

131 3919 184 3979 tra
202 3915 342 4000 dispesci
361 3921 388 3980 te
410 3918 456 3981 itu
478 3937 540 3981 esee
562 3920 595 3980 et
618 3921 652 3980 ut
674 3921 707 3980 tn
730 3918 833 3999 edepol
856 3939 894 3980 eo
914 3917 1020 3982 minus
1039 3917 1169 4000 licebat,
1191 3917 1277 4001 quod

130 4019 211 4086 haec
233 4023 333 4087 rerba
356 4022 537 4087 fortissima
560 4022 779 4107 interpunctio
803 4023 983 4107 praecedit,
1005 4023 1063 4089 illa
1086 4023 1198 4108 lenior,
1221 4024 1277 4088 sed

198 4197 244 4267 ·⁹)
264 4201 331 4268 [meo
349 4199 509 4254 arbitraturi
527 4197 625 4266 Trin.²‚
645 4199 679 4255 cf.
701 4198 772 4254 Nor.
792 4215 850 4254 exe.
871 4199 964 4254 Plcut
983 4198 996 4252 I
1015 4217 1042 4268 p.
1062 4203 1117 4269 76]

202 4287 244 4357 ⁸⁸)
265 4288 317 4357 [Cf.
336 4288 407 4343 Nov.
428 4305 485 4343 exc.
505 4287 596 4342 Plcut.
616 4288 628 4341 l
647 4306 674 4357 p.
695 4289 749 4356 63]

187 4376 245 4446 m)
265 4377 335 4448 [sive
354 4378 418 4433 cubi
436 4377 493 4432 sive
507 4378 670 4447 palaestae
688 4377 835 4448 proposuit
848 4378 1018 4434 Ritschelius
1032 4379 1133 4450 Opusc.
1153 4379 1222 4451 phil.
1237 4378 1277 4434 III

155 4509 160 4520 .
182 4472 238 4520 141.

134 4483 152 4537 p
187 4573 227 4611 in
240 4466 396 4612 iucem
414 4574 550 4612 omem
568 4575 593 4612 v.
1030 4565 1063 4614 28
