2940 5004
404 383 669 431 umsnonslorsls
685 365 903 431 'Palumbum
1163 369 1226 433 501

83 522 240 600 Qualibus
265 525 345 590 satis
369 548 407 590 ea
431 549 541 591 versus
565 527 672 592 forma
696 527 887 612 defenditur,
910 550 1008 612 quarn
1031 528 1148 594 Bacch.
1164 530 1229 595 372

85 628 174 721 [404]
195 632 490 698 commendavimus
508 657 538 718 p.
554 652 635 699 cmx
651 636 754 716 [4031.
778 635 979 721 Ambiguum
1000 640 1050 700 est
1064 636 1105 701 ad
1119 641 1229 702 utrum

83 762 185 825 genus
209 740 394 824 pertineant
418 739 506 805 Trin.
525 741 598 806 329.
635 742 754 808 Bacch.
772 742 816 807 44
842 744 926 824 [7511

172 866 222 932 De'
241 889 328 932 meo:
352 888 426 931 narn
448 869 531 952 qudd
553 873 687 953 tuamet,
711 874 859 954 meumst,
883 892 978 934 omne
997 873 1104 935 autem
1124 863 1228 935 mium

935 980 1068 1043 tuumst.

173 1082 332 1149 Simulato
361 1103 411 1148 me
444 1086 562 1149 amare.
608 1084 724 1150 Vtrum
755 1106 816 1170 ego
840 1085 933 1150 iocdn
957 1085 989 1150 id
1014 1085 1163 1150 simulem
1187 1107 1228 1149 an

937 1192 1085 1278 serio?*)

83 1300 208 1365 Harum
239 1303 346 1365 autem
379 1300 478 1364 trium
509 1320 716 1364 caesurarum
746 1298 792 1383 (h.
817 1322 842 1364 e.
873 1300 1008 1365 duarum
1032 1300 1227 1366 vinariarum

83 1406 262 1490 tertiaeque
295 1405 475 1492 legitimae)
505 1407 532 1471 si
562 1407 617 1491 qui
645 1429 757 1472 versus
785 1408 908 1473 nullam
938 1408 1051 1491 habet,
1083 1431 1149 1473 non
1177 1412 1228 1473 est

83 1535 141 1596 pro
179 1513 366 1596 incorrupto
403 1512 588 1578 habendus:
625 1514 688 1578 nisi
727 1514 812 1598 quod
849 1515 1025 1600 singularis
1063 1517 1226 1581 excusatio

82 1619 266 1684 Τ1111.1145
290 1624 420 1702 praesto
444 1624 495 1685 est
519 1644 538 1685 1
557 1622 739 1705 composito
760 1622 927 1706 vocabulo,
951 1623 985 1687 in
1009 1624 1100 1688 cuius
1119 1623 1225 1708 ipsam
1240 1644 1378 1686 ccnxxm

82 1727 328 1791 commissuram
353 1749 486 1792 caesura
509 1728 639 1792 incidit:

170 1851 241 1917 Neri
262 1852 317 1936 qui
337 1875 405 1918 rem
424 1854 530 1939 ipsam
549 1856 661 1937 posset
679 1854 876 1940 intellegere,
895 1854 1106 1920 thensaurum
1126 1861 1227 1920 tuum.

82 1977 169 2053 Quae
201 1979 228 2041 si
256 1979 308 2043 cui
337 1979 501 2044 excusatio
524 2002 589 2044 non
613 1980 694 2044 satis
719 1980 827 2064 gravis
852 1979 1014 2063 videatur,
1047 1980 1130 2045 nihil
1153 1981 1226 2045 reli-

81 2108 177 2170 quum
207 2085 306 2151 fuerit
332 2087 396 2151 nisi
424 2089 540 2170 poetae
568 2087 721 2151 nimirum
751 2087 932 2172 elegantiae
956 2088 1046 2152 velut
1068 2087 1129 2153 1111
1152 2088 1226 2152 arti·

81 2192 153 2256 ficio
177 2195 358 2258 consulere:

169 2317 241 2383 Neri
266 2319 321 2402 qui
345 2321 413 2383 re'm
439 2341 569 2403 eampse
592 2318 783 2405 intellegere
806 2322 919 2405 posset
942 2320 988 2384 th.
1011 2322 1033 2383 t.

170 2459 265 2526 Nunc
289 2462 390 2546 igitur
420 2466 457 2527 ut
486 2461 526 2527 ad
557 2463 753 2547 dactylum
786 2465 917 2547 quarti
947 2462 1057 2547 pedis
1088 2462 1226 2545 redeam,

81 2569 151 2633 eius
175 2569 269 2632 venia
293 2569 398 2634 omnis
422 2574 455 2634 et
477 2570 668 2635 brevissime
688 2575 721 2635 et
741 2570 921 2636 certissime
941 2571 988 2635 sic
1005 2569 1167 2653 definitur,
1190 2573 1228 2633 ut

81 2679 208 2741 tantum
239 2698 304 2740 non
335 2698 461 2760 semper
492 2699 564 2742 cum
595 2677 726 2762 priore
757 2698 874 2762 genere
904 2677 1044 2741 vicariae
1074 2697 1225 2740 caesurae

43 2784 49 2796 ’
80 2784 269 2849 coniunctus
293 2805 373 2848 esse
405 2785 544 2866 dicatur,
576 2807 754 2869 numquam
786 2806 858 2848 cunr
889 2784 1068 2867 posteriore
1099 2804 1226 2867 genere,

79 2890 146 2954 fere
169 2913 346 2975 numquam
370 2912 442 2953 curn
466 2890 615 2976 legitima
639 2912 778 2955 caesura.
825 2889 924 2955 Cuius
948 2889 994 2954 rei
1018 2912 1133 2955 caussa
1157 2911 1225 2973 per·
1303 2937 1308 2947 .

80 2998 216 3082 spicitur
240 2998 438 3082 planissime.
484 2996 570 3062 Nam
593 2998 666 3081 illa,
695 3020 791 3083 quam
821 2998 923 3062 solam
953 3020 1023 3062 esse
1052 2997 1225 3080 probatam

79 3104 160 3189 dixi,
184 3106 310 3170 ratione
334 3105 367 3169 id
390 3105 497 3189 ipsum
522 3106 661 3169 efficitur
684 3110 721 3169 ut
745 3105 785 3169 ab
810 3105 875 3169 arsi
899 3127 958 3168 sua
976 3104 1100 3169 duabus
1121 3103 1224 3168 brevi-

78 3212 139 3277 bus
164 3212 300 3296 syllabis
320 3214 490 3298 diremptis
509 3213 687 3297 dactylicus
705 3233 858 3277 numerus
878 3212 1006 3296 aegrius
1025 3212 1225 3296 percipiatur

79 3324 112 3383 et
135 3320 371 3404 quodammodo
395 3320 499 3385 lateat
523 3343 629 3384 aures:
654 3319 871 3384 contraidem
891 3318 1036 3383 inaures
1057 3323 1224 3402 tamquam

79 3427 286 3511 impingitur,
319 3428 347 3492 si
377 3431 433 3493 aut
460 3427 554 3518 nullo
583 3430 640 3491 aut
662 3426 757 3491 unius
782 3425 926 3510 syllabae
950 3425 1124 3489 intervallo
1148 3429 1224 3509 post

81 3533 242 3615 dactylum
271 3557 374 3617 pausa
397 3536 435 3599 fit
458 3535 547 3600 vocis
570 3535 606 3599 in
628 3556 774 3618 caesura,
807 3556 869 3617 quo
893 3530 1038 3616 rapidior
1060 3533 1097 3595 111
1121 3537 1154 3595 11
1176 3532 1223 3595 di·

79 3639 228 3703 stinctius
271 3641 410 3706 sentitur
450 3664 714 3728 praegressarum
752 3641 954 3725 syllabarum
990 3637 1222 3723 pronuntiatio.

78 3745 193 3830 Itaque
221 3746 325 3812 thesis
352 3746 410 3811 illa
437 3746 595 3831 dactylica
624 3754 681 3813 aut
707 3748 740 3812 in
770 3747 927 3832 longioris
952 3745 1098 3811 vocabuli
1127 3744 1222 3809 initio

79 3851 229 3917 consistit
252 3857 319 3936 aut,
342 3854 428 3937 quod
452 3854 555 3918 multo
579 3854 777 3938 frequentius
802 3860 861 3937 est,
884 3876 947 3918 una
971 3852 1134 3917 duabusve
1153 3852 1222 3916 bre-

78 3960 222 4027 vissimis
251 3960 376 4026 voculis
404 3960 556 4042 efficitur,
589 3983 725 4044 quarum
754 3982 793 4054 aa
822 3961 866 4024 sit
894 3960 1092 4024 constructio
1121 3962 1158 4024 ut
1182 3958 1221 4023 ad

78 4068 226 4153 proxima
250 4068 443 4152 pertineant.
489 4066 670 4132 Illiusmodi
693 4071 743 4132 est
765 4067 853 4132 Trin.
876 4068 954 4133 338:
1235 4140 1246 4181 Ι

167 4210 248 4287 Quia
272 4211 342 4276 sine
366 4211 454 4276 omni
478 4209 652 4292 militiast,
676 4211 805 4274 tolerare
828 4210 859 4274 ei
882 4213 1064 4295 egestatem
1088 4211 1176 4274 uolo:

78 4353 259 4419 usitatioris
289 4354 413 4419 formae
444 4353 525 4418 haee
555 4356 651 4418 sunto
682 4354 830 4437 exempla
859 4376 887 4416 v.
911 4353 976 4419 306
1007 4351 1060 4438 (de
1090 4376 1154 4439 quo
1182 4353 1221 4419 ef.

158 4510 184 4580 *)
203 4512 226 4583 [.
239 4555 244 4567 .
257 4511 354 4566 Vtrum
372 4529 418 4582 epo
437 4513 507 4567 11111
526 4512 612 4567 idcoa'
632 4511 823 4567 1111111111..
847 4513 946 4584 Opusc.
967 4511 1035 4584 phil.
1056 4512 1081 4566 II
1100 4531 1126 4584 p.
1147 4514 1220 4582 aba]
