2992 5004
251 330 316 395 342
539 346 800 396 enonaoouaus
822 348 870 395 na
894 347 1105 395 anmorunvs

252 513 321 557 sese
344 513 455 556 versus
480 492 627 574 excipere
652 491 805 556 statueris
827 492 917 556 Haec
938 496 1020 570 aaut,
1042 493 1165 556 sirecte
1182 511 1236 556 seu
1248 512 1398 573 pnaorse

249 599 335 679 facta
363 603 452 663 suot:
489 597 558 681 Epo
588 618 635 661 me
663 598 769 678 fecisse
798 599 940 681 confiteor
965 623 1019 663 -ε
1056 598 1137 663 hacc
1160 598 1263 683 igitur
1287 601 1398 665 omnia

252 727 323 769 cum
350 705 399 769 ita
427 705 507 788 sint,
540 726 738 789 consequeus
769 726 839 769 esse
868 703 960 769 video
988 710 1026 770 ut
1053 728 1072 770 a
1096 705 1240 772 Lemano
1265 712 1397 793 sumpto

252 811 441 895 pronomine
479 811 615 876 relativo
653 814 686 874 et
722 811 841 877 rationi
874 815 907 876 et
939 812 1150 878 concinnitati
1187 815 1233 879 sic
1267 814 1397 880 demum

251 919 404 984 satisfiat:

384 1062 475 1128 Haec
500 1064 584 1145 sunt,
607 1060 636 1125 si
659 1064 746 1126 recte
770 1082 825 1126 seu
848 1083 1001 1146 pernorse
1025 1061 1220 1147 factasunt,

386 1169 475 1246 Quae
499 1188 559 1253 ego
582 1190 634 1232 me
657 1166 772 1233 fecisse
796 1169 959 1254 confiteor,
982 1167 1258 1256 Megaronides.*)

341 1312 482 1377 Tantum
514 1311 553 1375 de
583 1310 644 1375 his.
691 1310 741 1375 Ad
772 1332 845 1375 eum
876 1315 986 1376 autem
1015 1311 1122 1376 locum
1153 1315 1398 1396 grammaticae,

252 1420 307 1505 qui
331 1424 382 1485 est
404 1419 444 1483 de
467 1417 634 1503 analogia,
667 1419 749 1484 haec
777 1419 941 1502 pertinent
964 1441 1045 1503 quae
1068 1417 1154 1483 infra
1177 1421 1281 1503 posui.
1328 1420 1397 1486 Pri·

252 1549 341 1591 mum
374 1525 516 1589 omnium
548 1527 596 1590 tis
623 1526 792 1611 genetivus
821 1547 880 1609 pro
913 1527 960 1591 aa·
987 1526 1154 1610 praeclaro
1183 1526 1396 1593 Ambrosiam

251 1633 440 1698 testimonio
464 1636 610 1697 servatus
634 1655 663 1696 v.
678 1632 753 1698 343.
786 1630 857 1707 Qua
879 1631 986 1695 forma
1008 1633 1070 1697 etsi
1092 1655 1158 1697 non
1182 1634 1295 1699 dubito
1320 1635 1398 1720 quin

251 1740 355 1805 multo
380 1740 507 1824 saepius
531 1743 629 1824 poeta
647 1761 724 1804 usus
744 1739 794 1823 sit,
817 1742 928 1803 tamen
947 1739 1135 1805 coniectura
1153 1763 1223 1806 eam
1243 1763 1397 1807 revocare

251 1849 304 1912 vix
328 1869 482 1932 umquam
506 1846 626 1930 licebit,
650 1845 819 1930 quoniam,
857 1846 883 1910 si
907 1869 927 1911 a
949 1845 1060 1930 paucis
1085 1847 1242 1932 exemplis
1266 1854 1305 1915 ut
1327 1848 1396 1914 Mil.

251 1954 308 2038 IV,
331 1956 420 2032 141
443 1955 622 2031 recesaaeri,
647 1953 688 2018 ad
710 1959 851 2018 metrum
875 1951 957 2017 nihil
980 1954 1117 2018 interest
1139 1956 1179 2018 tis
1201 1954 1332 2041 legatur
1355 1980 1396 2021 an

252 2064 307 2139 tat,
331 2061 417 2145 quod
440 2062 549 2146 ipsum
572 2066 605 2125 et
627 2060 827 2145 bisyllabum
851 2082 921 2125 esse
945 2063 978 2124 et
997 2060 1259 2145 monosyllabum
1278 2069 1396 2147 potest

252 2205 294 2214 —
318 2168 367 2234 De
391 2169 562 2233 masculini
586 2169 714 2253 generis
737 2167 923 2232 nominibus
947 2166 1091 2233 dubitari
1119 2168 1214 2253 solet,
1243 2191 1280 2234 ae
1303 2192 1397 2256 gene·

251 2276 312 2339 tivi
339 2276 374 2339 in
401 2282 440 2338 ai
467 2276 710 2340 distractionem
733 2298 812 2339 num
835 2275 958 2359 pariter
981 2278 1078 2359 atque
1103 2274 1259 2339 feminina
1282 2277 1397 2342 admit

252 2385 334 2445 tant.
393 2381 497 2446 Litem
530 2382 655 2447 dirimit
683 2382 800 2446 talium
831 2382 991 2446 evidentia
1021 2382 1131 2466 qualia
1161 2388 1238 2448 sunt
1267 2406 1297 2447 v.
1329 2385 1394 2449 359

253 2489 441 2554 Charmidai
462 2490 537 2571 filio,
560 2513 588 2554 v.
606 2492 690 2556 1183
715 2490 859 2556 Callictai
880 2486 1011 2575 silia**)‚
1034 2511 1097 2573 quo
1121 2490 1172 2554 vel
1196 2491 1337 2576 vestigia
1360 2492 1397 2556 li-

253 2597 385 2660 brorum
410 2597 544 2660 ducunt:
568 2619 643 2661 nam
668 2601 725 2661 aut
747 2598 922 2661 cucumim
946 2599 1003 2660 eut
1026 2613 1205 2662 cflaaumu
1230 2599 1338 2663 estin
1358 2600 1399 2677 A,

252 2704 366 2769 caltidi
383 2704 417 2768 in
431 2702 534 2769 BCD.
568 2703 692 2779 Quibus
711 2704 745 2767 in
764 2725 918 2787 praesens
939 2724 1036 2766 unum
1059 2706 1187 2767 tantum
1212 2705 1397 2790 exemplum

253 2811 368 2877 addam
393 2833 430 2875 ex
454 2810 582 2892 Epidici
606 2811 753 2874 versibus
775 2809 818 2892 ll,
841 2810 871 2891 2,
886 2809 928 2873 59
940 2831 1008 2894 sqq.
1032 2811 1264 2876 turbatissimis
1290 2813 1400 2897 vulgo,

255 2919 300 2983 sic
324 2922 431 2983 autem
456 2917 664 2982 Ambrosiani
688 2917 806 2981 codicis
830 2916 950 2981 auxilio
974 2915 1331 3006 reconcinnandis***):

115 3082 252 3122 nxxxvn
342 3060 459 3138 ‘Qudne
483 3060 579 3125 facile
604 3065 637 3124 et
660 3082 756 3145 quam
779 3059 945 3125 fdrtunate
968 3057 1023 3124 illi
1046 3061 1163 3144 euenit,
1186 3062 1331 3146 dbsecro,

341 3167 470 3232 Mdlieri
493 3190 590 3253 quam
613 3166 753 3232 liberare
777 3167 846 3231 udlt
869 3172 1008 3232 amator:
1033 3166 1181 3252 quisnam
1204 3168 1233 3232 is
1256 3170 1347 3234 est?'

342 3259 454 3358 inquit
478 3275 580 3339 altera
601 3274 664 3339 illi.
703 3275 749 3339 ibi
771 3275 829 3339 illa
852 3276 1000 3339 ndminat
1024 3272 1300 3359 Stratlu'ppoclem

340 3381 536 3465 Periphanai
556 3379 672 3445 filium.
688 3419 722 3427 —
735 3380 854 3445 Hercle
872 3381 968 3465 perii:
992 3381 1068 3465 quid
1087 3402 1148 3466 ego
1167 3404 1205 3446 ex
1224 3386 1257 3447 te
1277 3385 1400 3450 aridio?

251 3525 317 3589 Vbi
342 3525 491 3589 similiter
515 3543 681 3589 rumdam
706 3526 864 3609 scriptum
888 3526 921 3588 in
945 3526 985 3588 A.
1004 3561 1040 3569 -
1058 3524 1110 3588 Ad
1134 3525 1247 3590 eadem
1271 3550 1400 3593 mascu-

251 3633 320 3697 lina
349 3634 482 3697 nomina
512 3636 638 3717 spectat
669 3633 755 3716 quod
785 3655 814 3696 v.
837 3631 902 3697 928
934 3654 1000 3696 non
1027 3632 1173 3699 dubitavi
1196 3632 1400 3701 Rhadamant

341 3808 366 3880 1)
387 3810 430 3880 [In
449 3809 491 3864 ed.
512 3807 560 3863 alt.
579 3807 749 3863 Ritschelius
767 3807 879 3863 reiectio
897 3824 969 3877 quae
988 3825 1051 3862 cum
1070 3808 1212 3877 Parergon
1231 3827 1256 3878 p.
1267 3818 1320 3865 515
1340 3817 1401 3867 tum

251 3899 304 3954 hcc
324 3899 386 3953 loco
404 3899 589 3968 proposuerat
607 3915 669 3952 cum
689 3897 810 3966 Bergkio
829 3896 907 3953 Ceus.
927 3916 953 3967 p.
974 3904 1044 3953 1135
1063 3897 1249 3968 interpunxit:

323 4006 399 4060 Haec
418 4006 494 4059 sunt:
516 4004 633 4059 sirecte
652 4006 701 4058 sed
720 4020 852 4074 peruerse
872 4004 946 4058 fincta
964 4004 1060 4073 suntfl
1075 4003 1193 4074 ligone
1212 4004 1231 4061 1.
1251 4022 1274 4060 c.
1290 4007 1327 4062 M.

252 4113 286 4166 de
316 4129 370 4181 qua
397 4113 459 4183 ipsa
486 4111 710 4180 interpunctione
737 4111 766 4165 in
795 4111 964 4166 contrariam
987 4112 1097 4180 partem
1120 4111 1207 4166 sensit
1229 4115 1320 4184 praef.
1340 4115 1402 4173 Mil.

274 4203 322 4256 lr.
362 4216 451 4255 ,11111

252 4220 300 4271 go
324 4221 366 4358 ¹⁸³3)
385 4202 547 4361 [Oaldiclctis
565 4306 629 4344 cum
648 4291 769 4362 Bergkio
789 4291 958 4346 Ritschelius
978 4291 1055 4346 dedit
1072 4292 1101 4346 in
1122 4292 1165 4347 ed.
1185 4291 1246 4360 alt,
1264 4293 1315 4348 ubi
1335 4295 1404 4351 vide

254 4375 484 4450 annotationem]

299 4466 363 4540 pm)
384 4466 437 4538 [Cf.
457 4466 558 4537 Opusc.
578 4467 646 4539 phil.
667 4469 692 4521 ll
711 4487 737 4542 p.
757 4470 831 4541 250]
