3006 5016
240 326 281 389 72
553 343 634 389 verr
659 343 810 390 urrunnu
833 342 896 390 sus
920 343 1063 391 nocuus

699 482 792 537 Aliud.

401 572 488 638 Quem
508 572 604 627 movet
621 572 687 627 hinc
706 571 791 642 risus,
808 575 904 627 movet
921 572 987 628 hinc
1005 572 1054 643 pia
1072 590 1139 629 cura
1156 572 1307 638 Minervae,

452 661 539 716 Marci
556 660 692 716 facundos
710 663 804 716 verset
822 662 851 715 in
869 678 917 717 ore
938 661 1044 746 modos.

700 749 792 804 Aliud.

400 841 450 896 Cui
468 841 563 911 placet
581 840 706 895 Ausonio
724 840 822 894 ludens
842 841 988 896 comoedia
1007 858 1096 909 socco,

450 930 504 984 Hic
523 930 620 986 volvat
639 928 738 998 libros,
757 922 857 985 Plaute
876 930 993 1001 diserte,
1011 933 1084 985 tuos.

698 1019 792 1074 Aliud.

398 1108 485 1163 Crede
504 1107 587 1176 mihi,
606 1108 746 1164 incassum
765 1108 905 1164 consumis
924 1111 1065 1179 tempora,
1084 1109 1109 1165 si
1128 1125 1184 1164 non

453 1196 585 1252 Plautina
602 1196 715 1252 assiduo
735 1197 841 1267 scripta
859 1198 955 1253 labore
974 1197 1053 1268 legis.

698 1284 792 1340 Aliud.

399 1377 535 1444 Tempore
553 1375 597 1429 vis
616 1375 726 1431 modico
745 1376 769 1430 si
786 1392 901 1432 noscere
920 1377 1055 1448 plurima,
1073 1376 1207 1433 Plautum

451 1465 493 1519 Ne
513 1481 604 1520 cesses
624 1464 716 1521 studio
736 1466 912 1522 consociasse
930 1469 989 1522 tuo.

597 1614 603 1625 ·
624 1597 634 1607 ,,
700 1554 793 1610 Aliud.

399 1643 514 1698 Desine:
539 1643 619 1697 littus
639 1660 715 1711 aras,
735 1643 764 1696 ni
782 1643 860 1698 docti
877 1643 975 1699 fabula
992 1643 1087 1699 Plauti

450 1732 574 1789 Haereat
591 1733 621 1787 in
639 1733 768 1788 manibus
786 1735 869 1788 nocte
888 1733 989 1803 dieque
1008 1733 1072 1788 tuis.

215 2067 217 2071 ι
332 2008 357 2055 4.
385 2002 601 2072 Lobgedicht
619 2003 679 2057 aut
695 2002 838 2057 Plautus
856 2003 908 2057 als
927 1994 1070 2057 Dichter
1088 2004 1290 2074 uberhaupt

238 2093 307 2160 (Ans
323 2091 371 2145 ‘u
390 2091 484 2146 Plauti
505 2093 588 2161 poete
604 2091 703 2146 comici
722 2090 751 2144 in
770 2091 848 2146 omni
865 2092 954 2146 latina
968 2092 1110 2163 elegantia
1124 2094 1249 2163 parentis
1263 2110 1296 2148 ao
1310 2093 1387 2163 prin-

242 2180 312 2250 cipis
333 2179 466 2235 Comedia
490 2180 594 2249 prima:
623 2181 666 2234 oui
686 2182 853 2252 Amphitryo
877 2198 978 2237 nomen
997 2184 1034 2237 ab
1052 2185 1166 2237 auctore
1184 2183 1246 2253 ipso
1265 2181 1387 2236 inditum

381 2271 433 2325 est’
455 2269 584 2341 Leipzig,
603 2268 704 2325 Meloh.
725 2271 823 2326 Lotter
843 2277 919 2339 1511,
939 2272 990 2326 aul
1005 2272 1069 2326 dem
1088 2270 1249 2342 Titelblatt)

621 2395 703 2450 Vitus
723 2396 873 2451 Vnerlerus
891 2395 998 2451 lectori.

452 2502 503 2557 Vir
522 2501 699 2558 doctissimus
718 2505 901 2573 undecunque
920 2504 1046 2573 Plautus,

451 2591 567 2645 Plautus
587 2593 704 2648 deliciae
722 2593 811 2648 Attici
830 2592 943 2663 leporis,

452 2681 569 2736 Plautus
588 2683 740 2738 Romuleae
761 2683 840 2753 lepos
860 2683 1007 2751 Camenae,

452 2771 507 2826 Seu
526 2773 615 2827 multo
635 2790 716 2843 mage
737 2773 812 2842 quod
831 2772 910 2827 iuvat
928 2771 1068 2841 capitque,

453 2862 569 2916 Plautus
587 2864 680 2917 mente
699 2863 799 2932 potens
817 2862 932 2931 deisque
950 2863 1029 2916 iuxta

348 2959 349 2964 ’
454 2951 567 3006 Cunctis
586 2954 671 3020 atque
690 2951 757 3006 viris
775 2950 855 3006 bonis
875 2951 1020 3017 amandus,

453 3040 562 3109 Tereus,
581 3041 755 3110 praecipuus,
774 3041 877 3111 gravis,
896 3041 1041 3110 rotundus,

454 3129 559 3198 Salsus,
577 3129 704 3200 frugifer,
725 3131 847 3200 elegans,
866 3130 995 3198 disertus,

453 3217 616 3287 splendens,
635 3219 821 3288 blandidulus,
841 3220 1034 3290 voluptuosus,

455 3308 597 3376 Comptus,
616 3308 772 3363 dulciculus
791 3309 1018 3379 venustnlurque,

454 3397 580 3465 Subtilis,
600 3399 700 3465 varius,
719 3399 835 3467 facetus,
854 3399 957 3466 insons,

453 3487 608 3554 Facundus,
626 3486 731 3541 nitidus
750 3507 801 3544 nec
821 3489 983 3557 indecorns3

453 3576 569 3630 Plautus
589 3578 762 3633 Castalidum
781 3595 874 3635 comes
894 3596 1019 3634 sororum

456 3666 573 3735 Scripsit
591 3667 743 3722 versiculos
763 3668 946 3723 scaturientes

454 3755 551 3809 Multis
570 3756 725 3824 sensiculis‚
744 3775 795 3812 nec
813 3757 878 3812 inde
896 3759 992 3828 turpes

453 3845 485 3898 In
504 3860 533 3898 se
553 3843 692 3899 stulticiae
710 3846 890 3915 inepciasqne

454 3933 541 3987 Nulla
559 3934 589 3987 et
606 3935 712 3990 rustica
730 3935 806 3989 dicta
825 3936 1008 4005 continentes,

454 4022 509 4076 Sed
527 4023 620 4077 verbis
640 4023 728 4091 (iuvat
747 4025 810 4091 hoc)
829 4025 925 4094 probis
944 4029 1074 4082 sonantes

455 4115 490 4167 Et
509 4130 575 4168 cura
593 4113 672 4184 vigili
693 4114 879 4183 repumicatos

456 4201 548 4270 Cultu,
567 4202 722 4270 munditiis,
742 4204 900 4258 venustiore

457 4291 594 4346 Contertu
613 4309 784 4362 numeroque
803 4292 957 4363 blandiore,

456 4380 611 4433 Mirandum
630 4383 752 4450 speciem
771 4381 853 4435 simul
873 4381 1001 4439 ferentes.

456 4469 478 4524 0
498 4467 583 4524 foelix
601 4470 709 4525 iuvenis
729 4487 866 4547 senexque
885 4471 979 4541 foelix,
