2910 5010
455 337 691 386 usumrusoua
715 337 845 384 annisu.
1156 321 1221 384 683

74 500 146 543 vem
171 482 204 543 et
227 479 313 562 quod
336 478 462 544 excedit
480 480 583 544 lustra
602 480 714 566 oblata
733 485 791 564 est,
815 502 912 564 quam
932 481 1018 565 quod
1037 481 1218 544 litterarum

76 585 227 650 tractatio
251 584 380 650 iubetur
401 608 466 651 non
491 587 576 651 vitae
599 586 708 670 potius
732 586 844 652 usibus
869 587 1013 651 serviens
1033 587 1142 671 reique
1161 609 1219 671 pu-

74 693 178 757 blicae
206 693 455 759 necessitatibus
484 697 517 758 et
545 693 645 758 futuri
674 693 850 759 ministerii
874 693 1003 777 officiis,
1035 692 1090 757 sed
1119 716 1217 759 unam

74 799 243 865 veritatem
279 803 408 865 sectans
443 801 601 885 uniusque
637 802 784 866 veritatis
822 800 958 866 arbitrio
997 822 1132 884 pareus,
1168 801 1219 866 vel

75 910 111 971 ut
142 928 205 971 uno
234 905 332 970 verbo
366 906 486 991 dicam,
518 908 701 972 litterarum
735 908 887 973 tractatio
919 929 993 973 vere
1026 906 1218 972 liberalis.

74 1012 148 1078 Non
180 1031 240 1098 ego
269 1014 416 1098 profecto
447 1015 475 1079 is
508 1037 594 1098 sum,
627 1014 684 1099 qui
714 1036 781 1080 non
808 1015 899 1080 illam
929 1037 1056 1100 quoque
1079 1015 1220 1099 priorem

76 1120 251 1185 utilitatem
274 1121 424 1206 probem;
453 1143 529 1186 nam
554 1125 590 1186 ut
612 1122 724 1205 paucis
749 1122 988 1207 amplissimum
1012 1143 1089 1187 sane
1112 1123 1219 1188 locum

76 1227 283 1311 complectar,
307 1229 334 1292 si
354 1227 394 1292 ab
415 1228 471 1312 eis,
495 1250 577 1312 quae
597 1229 777 1294 verobona
800 1233 885 1313 sunt,
908 1251 1017 1294 veram
1043 1229 1220 1295 utilitatem

75 1333 239 1420 segregari
262 1355 328 1398 non
351 1354 448 1417 posse
471 1333 649 1418 considero,
673 1335 772 1400 etiam
796 1334 924 1400 litteras
949 1357 1019 1400 esse
1044 1336 1140 1400 utiles
1164 1336 1218 1400 de-

75 1442 151 1507 bere
182 1439 269 1506 haud
301 1461 398 1525 aegre
431 1439 581 1506 concedo.
628 1438 690 1506 Sed
721 1441 800 1507 haec
831 1441 957 1506 utilitas
988 1464 1060 1507 cum
1092 1444 1217 1509 duabus

74 1549 221 1634 partibus
244 1546 417 1635 consistat:
450 1548 552 1612 altera
575 1547 717 1632 quidem,
749 1570 832 1632 quae
865 1570 937 1614 cum
960 1551 1047 1615 vitae
1071 1550 1220 1616 cottidia-
1269 1562 1273 1571 '

73 1679 134 1721 nae
158 1653 335 1723 commodis
355 1655 503 1737 proximo
522 1654 650 1719 viuculo
670 1655 864 1739 continetur,
887 1658 1033 1721 fruamur
1050 1661 1217 1741 tamquam

74 1762 264 1847 adventicia,
287 1782 353 1826 uon
376 1766 543 1846 tamquam
565 1762 754 1847 primariam
773 1763 989 1847 postulemus:
1013 1764 1108 1849 idque
1127 1764 1220 1828 nulla

74 1871 138 1936 alia
162 1869 202 1935 de
225 1891 353 1954 caussa,
376 1869 438 1934 uisi
462 1869 547 1953 quod
571 1871 674 1935 multo
697 1870 786 1955 plus,
809 1871 914 1938 multo
938 1871 1218 1957 maius·quiddam

73 1982 106 2041 et
138 1977 237 2043 latius
269 1980 385 2061 patens
414 1977 494 2042 illud
522 1980 598 2059 est,
615 1976 700 2063 quod
729 2000 767 2042 ex
797 1980 902 2044 altera
930 1983 1023 2063 parte
1052 1983 1219 2062 praestare

73 2084 204 2149 eaedem
229 2084 357 2148 litterae
382 2083 528 2169 ingenita
551 2083 672 2149 uirtute
695 2089 842 2168 possunt.
873 2084 982 2171 Atque
1005 2085 1105 2170 hauc,
1122 2107 1219 2169 quam

74 2214 141 2257 non
168 2191 352 2273 fortuitam,
384 2189 440 2255 sed
470 2212 579 2255 veram
608 2189 745 2255 dicimus
775 2195 809 2255 et
836 2195 1003 2257 aeternam
1034 2192 1221 2276 utilitatem,

74 2298 197 2383 ecquis,
220 2319 302 2382 quae
327 2296 496 2381 qualisque
520 2297 577 2380 sit,
601 2318 709 2362 coram
732 2296 793 2363 hac
817 2297 1000 2363 liberalium
1024 2304 1057 2363 et
1079 2302 1116 2363 ut
1138 2303 1219 2382 puto

75 2404 345 2471 consentientium
373 2403 542 2468 homiuum
570 2425 691 2470 corona
719 2405 848 2470 uberius
876 2405 1132 2491 persequendum
1164 2428 1220 2489 pu·

74 2512 143 2577 tet?
167 2516 200 2577 et
223 2509 468 2595 disceptandum
491 2515 659 2595 tamquam
684 2512 878 2596 dubitatum,
902 2511 987 2596 quod
1007 2534 1076 2577 esse
1095 2512 1220 2577 confes·

75 2642 147 2685 sum
177 2623 210 2683 et
239 2618 444 2702 exploratum
475 2640 532 2683 vos
564 2624 650 2684 certe
681 2641 745 2684 uno
775 2640 829 2684 ore
858 2619 1029 2683 clamaturi
1057 2619 1152 2684 sitis?
1176 2655 1219 2665 —
1262 2620 1266 2628 ’
1338 2706 1340 2710 Ι

75 2726 199 2811 ecquis,
231 2747 303 2790 cum
332 2747 391 2790 sua
419 2747 535 2791 caussa
557 2726 720 2810 colendas,
753 2726 960 2809 exercendas,
992 2727 1219 2812 propagandas

74 2833 201 2898 litteras
229 2832 366 2898 dicimus
396 2832 709 2916 sapientissimorum
738 2832 908 2897 homiuum
936 2833 1142 2917 auctoritate,
1171 2833 1220 2898 uti

74 2940 166 3005 fonte
198 2938 307 3004 divino
339 2943 519 3024 prognatus
552 2940 678 3005 animus
707 2939 851 3004 divinam
879 2938 1019 3004 indolem
1046 2938 1219 3005 nutriendo

75 3048 126 3113 sui
149 3046 288 3111 similior
311 3047 383 3130 fiat,
411 3047 510 3111 talem
538 3048 641 3133 igitur
663 3046 714 3111 vel
738 3046 992 3131 postulationem
1017 3046 1067 3110 v'el
1093 3067 1219 3130 exspec-

75 3154 233 3219 tationem
262 3152 371 3236 ecquis
400 3153 529 3217 exulare
560 3152 599 3216 ad
632 3152 758 3217 somnia
787 3151 1057 3236 philosophorum
1088 3153 1221 3218 iubeat?

74 3261 197 3344 Ecquis
226 3258 363 3342 denique
391 3262 458 3323 tam
487 3280 600 3325 caecus
624 3259 681 3342 sit,
710 3258 787 3343 quin
815 3259 915 3324 etiam
942 3259 977 3323 in
1000 3260 1047 3324 rei
1070 3258 1219 3343 publicae

76 3368 213 3433 salutem
251 3366 348 3448 longe
385 3364 612 3448 efficaciorem,
649 3387 746 3450 quam
785 3387 881 3450 quem
919 3370 1016 3430 antea
1052 3365 1220 3430 fortuitum

75 3477 217 3540 fructum
245 3470 520 3557 perstringebam,
551 3472 636 3537 hanc
665 3495 736 3538 esse
764 3473 830 3537 vim
859 3471 1013 3537 scientiae
1036 3471 1221 3556 perspiciat,

76 3586 114 3647 ut
137 3581 255 3646 artium
278 3580 523 3664 litterarumque
546 3582 600 3645 lux
624 3580 734 3646 divina
757 3582 792 3644 in
812 3580 941 3665 singula
959 3579 1101 3644 civitatis
1122 3602 1220 3644 mem·

39 3672 43 3679 ’
77 3691 138 3754 bra
164 3691 333 3772 tamquam
362 3687 472 3752 anima
498 3691 666 3770 permanet
688 3688 774 3752 vitae
798 3687 942 3752 effectrix
966 3690 999 3751 et
1021 3685 1220 3751 moderatrix

77 3796 270 3879 virtutisque
307 3816 424 3878 parens
462 3800 495 3859 et
531 3794 712 3880 magistra?
768 3793 875 3878 Atque
907 3794 991 3858 hanc
1024 3793 1116 3858 illam
1150 3792 1221 3857 dico

76 3923 252 3986 numquam
276 3906 328 3965 sat
350 3903 461 3986 magni
485 3900 723 3967 aestimandam
746 3901 985 3983 liberalitatem,
1009 3922 1081 3994 qua,
1096 3903 1128 3964 et
1150 3899 1236 3963 reli·.

79 4030 160 4093 quas
184 4005 327 4071 rationes
351 4028 423 4071 cum
446 4008 595 4090 publicae
617 4005 833 4071 iustitutionis
857 4006 1025 4071 universae
1053 4011 1122 4072 tum
1151 4029 1223 4072 aca-

77 4114 220 4180 demicae
244 4112 434 4196 disciplinae
458 4113 542 4199 regi,
564 4117 598 4178 et
619 4113 699 4178 haec
722 4113 793 4198 ipsa
816 4113 1070 4178 adulescentium
1094 4117 1220 4179 nostro·

77 4243 150 4287 rum
179 4219 359 4285 certamina
385 4220 553 4285 nobilitari
582 4220 843 4307 Angustissimus
871 4220 968 4285 huius
997 4221 1220 4286 universitatis

78 4327 228 4394 conditor
251 4328 361 4393 voluit.
402 4327 475 4392 Tali
499 4332 608 4393 autem
632 4328 685 4393 via
709 4328 763 4413 qui
787 4327 827 4392 ad
851 4350 959 4393 veram
982 4328 1222 4394 humanitatem

78 4433 238 4521 perveniri
262 4456 422 4521 veraeque
446 4436 545 4501 saluti
569 4434 712 4501 civitatis
736 4434 861 4500 consuli
885 4457 1075 4519 persuasum
1097 4434 1222 4520 habuit,
