3006 5016
342 343 415 389 uuo
440 342 501 388 u1u
525 340 709 389 LEIPZIGER
732 340 1049 388 rasurussruuruu.
1229 322 1272 386 63

118 483 224 553 alique
244 483 404 538 enarratore
423 481 480 535 illis
500 498 569 550 opus
588 499 648 536 esse
662 481 800 547 videatur,
819 480 843 534 si
857 481 892 536 ab
907 480 970 535 aliis
984 479 1154 535 doctissimis
1168 479 1274 549 alioqui

120 572 288 627 hominibus
307 573 383 625 recte
401 573 431 624 et
448 570 582 625 inoffense
602 569 724 639 intelligi
743 570 871 624 debeant
901 568 955 624 Sed
974 569 1008 624 de
1027 569 1061 624 iis
1081 586 1132 639 ego
1153 568 1274 638 amplius

121 662 243 715 verbum
262 661 386 715 facturus
403 676 460 714 non
479 678 553 725 sum,
572 677 607 726 ην
626 677 662 725 μη
681 676 722 712 τι(
741 676 831 725 ωεπερ
850 676 963 727 (φεκιαν
984 662 1077 726 βλιττη
1098 677 1141 712 και
1162 662 1272 725 αρετιζη

123 750 176 821 [ἢν
201 752 239 817 μή
261 767 302 803 τι(
325 752 416 816 ὥςπερ
439 750 557 816 (φηκιὰν
582 748 676 817 βλίττῃ
696 752 740 802 καί
759 748 866 817 ἐρεθίζῃ
886 748 952 802 oder
970 747 1107 802 vielmehr
1127 747 1221 817 βλίττῃ
1241 764 1274 814 με

123 839 257 908 κάρεθίζῃ
277 864 311 884 =
331 836 473 906 Aristoph.
494 836 608 906 Lysistr.
628 854 653 890 r.
673 842 732 891 475.
771 837 799 891 C.
819 836 887 907 W.].
941 857 944 863 ⁴

199 927 294 982 Redeo
313 926 350 980 ad
367 928 405 994 te,
425 925 591 994 Alexander,
610 924 658 994 qui
676 925 706 979 in
720 926 772 979 hac
788 942 817 981 re
831 941 883 979 nee
897 925 1034 980 monitore
1049 942 1099 981 nec
1114 926 1272 980 consultore

125 1035 203 1088 eges.
241 1018 272 1070 ln
292 1015 427 1090 Romulea
452 1014 526 1069 enim
550 1014 647 1084 lingua
665 1014 823 1084 effingenda
841 1014 991 1084 diligenter
1009 1015 1213 1083 ediscendaque
1232 1031 1272 1069 se·

124 1107 193 1160 dulo
216 1104 322 1160 nemini
344 1106 456 1160 tuorum
481 1103 642 1172 aequalium
661 1103 750 1171 oedis;
783 1103 892 1158 Graeca
910 1121 977 1159 vero
994 1104 1036 1158 ita
1054 1103 1193 1159 foeliciter
1211 1103 1272 1156 imi-

124 1195 207 1263 taris,
237 1197 268 1249 nt
291 1194 429 1264 quottidie
453 1193 560 1263 aliquid
583 1195 613 1247 et
638 1193 742 1248 scribas
767 1196 796 1247 et
814 1193 904 1263 legas,
933 1193 1007 1248 unde
1025 1192 1150 1263 pleniore
1168 1193 1273 1247 haustu

126 1284 291 1339 dulcissima
314 1283 489 1352 eloquentiae
513 1282 618 1337 fluenta
647 1282 759 1337 haurire
782 1283 880 1353 possis.
922 1283 1013 1348 Quare
1037 1283 1080 1337 ita
1101 1287 1133 1336 ut
1155 1282 1273 1352 coepisti

125 1389 212 1445 perge
232 1390 315 1443 porro
335 1373 383 1439 ire,
403 1372 432 1426 id
452 1374 496 1427 est
513 1372 668 1427 ameniores
687 1372 795 1427 litteras
814 1372 1053 1441 humanitatisque
1073 1372 1178 1440 studia,
1197 1371 1272 1440 qnod

129 1466 180 1517 tua
203 1464 303 1532 sponte
326 1462 409 1530 iacis,
436 1460 588 1531 percupide
612 1465 642 1516 et
663 1462 794 1516 alacriter
821 1462 1015 1531 complectere.
1056 1461 1135 1515 Nihil
1157 1464 1202 1515 est
1223 1477 1272 1530 per

127 1552 211 1605 deum
236 1550 437 1617 immortalem,
464 1551 494 1603 in
518 1566 573 1617 quo
597 1548 638 1603 tni
658 1550 847 1619 praeceptoris
866 1549 989 1603 animum
1008 1549 1118 1604 facilius
1138 1549 1274 1605 demereri

127 1640 224 1711 possis,
240 1657 324 1708 quam
340 1639 363 1693 si
377 1639 593 1709 flagrantissimo
608 1637 709 1706 studio,
729 1655 802 1704 cura,
822 1636 918 1693 labore
932 1638 1135 1708 diligentiaque
1149 1638 1271 1707 enitaris,

128 1730 208 1783 utin
226 1746 291 1783 eum
309 1728 400 1784 virum
420 1728 535 1796 evadas,
551 1728 580 1781 in
599 1744 680 1795 quem
700 1729 729 1782 te
748 1745 894 1781 evasurum
909 1728 967 1782 iere
982 1743 1077 1782 omnes
1092 1731 1273 1797 augurantur.

131 1817 190 1872 Scis
215 1835 301 1886 quarn
325 1816 440 1872 mirifice
463 1820 542 1870 tuam
564 1834 621 1871 non
643 1816 788 1886 vulgarem
807 1833 896 1885 neque
916 1819 1117 1886 pertractatam
1140 1817 1169 1871 in
1192 1817 1273 1872 bonis

127 1907 231 1962 litteris
256 1905 433 1976 capessendis
456 1905 620 1960 industriam
643 1909 691 1960 tuo
715 1905 789 1975 patri
808 1904 940 1974 Philippo
960 1905 1128 1976 Dragstadio
1152 1905 1212 1961 viro
1231 1906 1272 1960 in-

125 1996 277 2065 tegerrimo
301 1996 331 2050 et
353 1995 542 2050 iureconsulto
565 1994 781 2064 prudentissimo
800 1993 911 2064 saepius
931 1995 1043 2064 scriptis
1062 1995 1131 2050 meis
1150 1995 1272 2050 insinua-

125 2086 213 2144 verim
233 2084 415 2153 insserimque
433 2083 513 2138 illum
533 2084 757 2140 constantissime
777 2085 810 2139 de
830 2087 858 2139 te
877 2102 910 2139 ae
925 2085 1017 2139 studio
1032 2088 1081 2140 tuo
1095 2102 1180 2153 quam
1195 2085 1267 2154 opti·
1278 2081 1355 2138 roaev

126 2192 202 2228 mam
228 2175 258 2228 et
281 2172 466 2228 certissimam
486 2189 564 2242 spem
583 2174 694 2228 habere.
733 2173 786 2227 Tui
804 2173 926 2228 muneris
946 2174 1060 2229 omniuo
1079 2176 1136 2228 iam
1156 2191 1215 2229 esse
1234 2176 1274 2229 vi-

126 2266 218 2330 detur,
238 2262 404 2331 Alexander,
422 2264 455 2316 ut
472 2263 555 2331 plane
574 2262 689 2330 efficias,
707 2280 743 2317 ne
762 2279 805 2317 me
824 2262 897 2318 ialso
916 2264 986 2318 haec
1004 2263 1105 2343 dixisse
1120 2265 1273 2320 arbitretur

131 2355 159 2407 et
183 2369 219 2406 ue
242 2353 296 2406 hac
320 2367 382 2421 spe,
408 2351 437 2404 in
460 2369 545 2419 quam
569 2368 622 2421 ego
646 2353 727 2406 illum
751 2370 814 2407 mea
837 2354 1064 2408 constantissima
1081 2354 1272 2424 predicatione

128 2442 216 2509 erexi,
239 2441 351 2494 demum
370 2440 521 2495 frustratus
540 2458 600 2495 esse
619 2441 755 2497 rideatur.
795 2442 875 2508 Quod
893 2446 925 2498 ut
943 2444 1053 2524 sedulo,
1077 2444 1227 2513 diligenter
1245 2444 1274 2498 et

128 2533 258 2586 accurate
277 2528 373 2595 facias,
393 2546 449 2583 non
468 2529 558 2584 solnm
578 2531 606 2584 te
626 2548 726 2586 moneo
746 2531 794 2585 sed
813 2533 842 2586 et
860 2532 965 2600 hortor,
984 2550 1079 2602 urgeo,
1098 2532 1220 2602 impello.

198 2618 314 2674 Interim
342 2635 408 2673 vero
437 2619 488 2672 hos
516 2618 631 2674 Luciani
660 2620 787 2690 dialogos
816 2620 1030 2676 iucundissimos
1056 2625 1086 2677 et
1110 2621 1274 2676 utilissimos

128 2711 204 2779 (sunt
227 2710 322 2763 autem
342 2706 450 2777 Scipio,
475 2706 672 2777 Scaphidium,
691 2708 852 2777 Palinurus,
872 2709 968 2764 Virtus
988 2713 1017 2765 et
1035 2711 1185 2780 Hercules),
1204 2728 1274 2779 qnos

128 2798 261 2869 privatim
285 2797 338 2850 tibi
361 2795 504 2851 dedicatos
528 2797 557 2850 in
582 2815 662 2851 usum
681 2799 825 2868 publicum
845 2799 911 2866 edo,
936 2799 1087 2869 diligenter
1108 2800 1186 2869 lege3
1217 2799 1274 2852 illis

128 2887 218 2941 ueluti
244 2904 307 2940 curn
332 2886 499 2955 quibusdam
523 2886 725 2941 amantissimis
749 2885 957 2942 convictoribus
981 2891 1009 2942 te
1033 2888 1144 2942 oblecta
1167 2887 1274 2940 creber-

128 2977 206 3031 rime.
244 2975 309 3030 Non
333 2975 388 3030 olei
408 3007 440 3014 —
460 2975 541 3030 crede
565 2976 635 3029 mihi
655 3007 687 3015 —
706 2993 759 3030 nec
785 2993 886 3046 operae
909 2978 938 3030 te
957 2976 1106 3045 penitebit,
1135 2977 1175 3031 ita
1194 2993 1274 3030 aures

129 3066 193 3117 tuas
218 3065 330 3117 teneras
358 3064 450 3119 adhue
476 3067 505 3118 et
530 3064 687 3119 molliculas
711 3066 878 3120 suavissimo
902 3067 1025 3134 quodam
1048 3065 1183 3120 sermonis
1206 3081 1274 3120 sono

128 3152 287 3220 implebunt
309 3154 339 3207 et
362 3170 411 3207 ora
436 3155 512 3207 certo
537 3154 636 3208 obtutu
660 3154 750 3208 defixa
773 3155 887 3223 soloque
909 3156 1032 3209 intentos
1051 3155 1160 3220 oeulos,
1187 3154 1220 3207 ut
1245 3170 1273 3207 es

128 3242 347 3297 maiuscularum
370 3258 463 3295 rerum
486 3242 603 3296 mirator
626 3242 768 3313 egregius,
793 3244 956 3313 aliquandiu
978 3246 1123 3300 tenebunt.
1161 3244 1222 3309 Qua
1244 3258 1274 3295 re

128 3334 225 3385 autem
254 3330 409 3385 tenebunt?
450 3331 559 3400 Nempe
587 3349 681 3386 rerum
708 3333 869 3402 gratissima
896 3334 1049 3402 varietate,
1075 3332 1274 3389 vocabulorum

128 3420 278 3490 splendore
296 3418 480 3488 nitidissimo,
506 3422 707 3475 sententiarum
731 3423 897 3492 gravissimo
917 3424 1040 3493 pondere
1059 3440 1092 3477 ae
1110 3420 1198 3477 totius
1216 3421 1273 3475 sere

128 3508 239 3563 lacialis
260 3508 365 3576 eloquii
384 3525 515 3578 expressa
532 3508 613 3565 facie.

201 3597 257 3652 Sed
280 3599 313 3651 ut
336 3613 398 3651 mea
422 3597 543 3666 epistola
561 3615 642 3652 suum
661 3600 812 3668 aliquando
831 3619 950 3671 pensum
971 3602 1112 3669 absolvat,
1136 3602 1191 3655 iam
1210 3600 1274 3654 vale

127 3690 156 3742 et
179 3687 261 3742 bonis
285 3687 388 3742 litteris
411 3687 513 3742 acriter
536 3686 675 3743 incumbe.
713 3686 940 3760 Ego'preceptor
964 3708 997 3745 ac
1021 3691 1142 3745 monitor
1165 3690 1221 3743 tuis
1245 3688 1273 3741 in

127 3779 182 3831 bae
201 3793 231 3830 re
250 3775 396 3831 desideriis
414 3792 557 3845 nunquam
577 3777 676 3833 deero:
705 3795 757 3848 age
776 3781 808 3832 tu
827 3780 923 3848 modo,
945 3797 980 3834 ne
1003 3779 1057 3834 tibi
1081 3778 1134 3848 ipsi
1153 3776 1274 3832 defuisse

127 3865 259 3920 videaris.
297 3866 402 3920 Iterum
430 3866 494 3920 vale
522 3869 551 3920 et
579 3867 663 3921 salve.
702 3866 781 3936 Lipsi
810 3871 910 3923 octavo
939 3867 1079 3922 Kalendas
1108 3867 1274 3922 Decembres

126 3970 202 4010 auno
220 3955 325 4009 natalis
345 3953 497 4010 Christiani
516 3954 667 4011 millesimo
686 3957 911 4027 quingentesimo
930 3956 1038 4012 decimo
1058 3957 1149 4011 tertio.

683 4155 726 4223 ΙΙ.

199 4276 273 4335 Zwei
294 4276 387 4333 Brisfe
405 4277 538 4334 Werler's
561 4297 596 4334 au
616 4277 754 4335 Wilibald
776 4280 1026 4348 Pirclrheimer,
1044 4280 1219 4353 abgedruckt
1244 4280 1273 4338 in

122 4367 151 4425 J.
166 4369 340 4424 Heumaun's
352 4367 531 4423 ‘documenta
549 4367 675 4424 literaria
688 4369 764 4454 rarii
782 4369 1174 4443 argumenti’(Altorfii1758)
1193 4376 1274 4429 uuter

121 4459 160 4517 N.
179 4457 327 4514 XXXXIll
346 4476 373 4530 p.
393 4457 479 4514 cerff.
