<?xml version="1.0" encoding="UTF-8"?>
<!DOCTYPE html PUBLIC "-//W3C//DTD XHTML 1.0 Transitional//EN"
    "http://www.w3.org/TR/xhtml1/DTD/xhtml1-transitional.dtd">
<html xmlns="http://www.w3.org/1999/xhtml" xml:lang="en" lang="en">
 <head>
  <title>
</title>
<meta http-equiv="Content-Type" content="text/html;charset=utf-8" />
  <meta name='ocr-system' content='tesseract 3.04.00' />
  <meta name='ocr-capabilities' content='ocr_page ocr_carea ocr_par ocr_line ocrx_word'/>
</head>
<body>
  <div class='ocr_page' id='page_1' title='image "./fridericiritsch05wachgoog_0101.png"; bbox 0 0 3014 5018; ppageno 0'>
   <div class='ocr_carea' id='block_1_1' title="bbox 292 350 1115 416">
    <p class='ocr_par' dir='ltr' id='par_1_1' title="bbox 292 350 1115 416">
     <span class='ocr_line' id='line_1_1' title="bbox 292 350 1115 416; baseline -0.005 -1"><span class='ocrx_word' id='word_1_1' title='bbox 292 350 334 416; x_wconf 86' lang='grc'><strong>84</strong></span> <span class='ocrx_word' id='word_1_2' title='bbox 607 367 688 414; x_wconf 76' lang='lat' dir='ltr'><strong>vnis</strong></span> <span class='ocrx_word' id='word_1_3' title='bbox 712 364 859 412; x_wconf 80' lang='lat' dir='ltr'><strong>wnnnnn</strong></span> <span class='ocrx_word' id='word_1_4' title='bbox 883 364 946 412; x_wconf 73' lang='lat' dir='ltr'><strong>Ans</strong></span> <span class='ocrx_word' id='word_1_5' title='bbox 970 364 1115 413; x_wconf 73' lang='lat' dir='ltr'><strong>nocens</strong></span> 
     </span>
    </p>
   </div>
   <div class='ocr_carea' id='block_1_2' title="bbox 287 505 1268 3347">
    <p class='ocr_par' dir='ltr' id='par_1_2' title="bbox 289 505 1021 668">
     <span class='ocr_line' id='line_1_2' title="bbox 289 505 1021 578; baseline -0.001 -16"><span class='ocrx_word' id='word_1_6' title='bbox 289 508 442 578; x_wconf 77' lang='lat' dir='ltr'><strong>Aspectum</strong></span> <span class='ocrx_word' id='word_1_7' title='bbox 460 506 563 563; x_wconf 83' lang='lat' dir='ltr'><strong>metuit</strong></span> <span class='ocrx_word' id='word_1_8' title='bbox 580 506 669 564; x_wconf 78' lang='lat' dir='ltr'><strong>vitam</strong></span> <span class='ocrx_word' id='word_1_9' title='bbox 687 505 747 563; x_wconf 88' lang='lat' dir='ltr'><strong>sine</strong></span> <span class='ocrx_word' id='word_1_10' title='bbox 767 505 883 562; x_wconf 87' lang='lat' dir='ltr'><strong>erimine</strong></span> <span class='ocrx_word' id='word_1_11' title='bbox 902 505 1021 577; x_wconf 78' lang='lat' dir='ltr'><strong>egentis,</strong></span> 
     </span>
     <span class='ocr_line' id='line_1_3' title="bbox 361 597 754 668; baseline 0 -16"><span class='ocrx_word' id='word_1_12' title='bbox 361 597 400 652; x_wconf 86' lang='lat' dir='ltr'><strong>Vt</strong></span> <span class='ocrx_word' id='word_1_13' title='bbox 417 597 519 668; x_wconf 78' lang='lat' dir='ltr'><strong>glsncs</strong></span> <span class='ocrx_word' id='word_1_14' title='bbox 536 597 624 652; x_wconf 86' lang='lat' dir='ltr'><strong>solem</strong></span> <span class='ocrx_word' id='word_1_15' title='bbox 643 599 754 652; x_wconf 85' lang='lat' dir='ltr'><strong>noctus.</strong></span> 
     </span>
    </p>

    <p class='ocr_par' dir='ltr' id='par_1_3' title="bbox 291 684 1022 848">
     <span class='ocr_line' id='line_1_4' title="bbox 291 684 1022 757; baseline 0 -16"><span class='ocrx_word' id='word_1_16' title='bbox 291 687 392 743; x_wconf 74' lang='lat' dir='ltr'><strong>&#39;selem</strong></span> <span class='ocrx_word' id='word_1_17' title='bbox 410 687 503 756; x_wconf 85' lang='lat' dir='ltr'><strong>(crede</strong></span> <span class='ocrx_word' id='word_1_18' title='bbox 521 685 605 756; x_wconf 89' lang='lat' dir='ltr'><strong>mihi)</strong></span> <span class='ocrx_word' id='word_1_19' title='bbox 624 704 687 741; x_wconf 91' lang='lat' dir='ltr'><strong>cum</strong></span> <span class='ocrx_word' id='word_1_20' title='bbox 706 688 738 740; x_wconf 90' lang='lat' dir='ltr'><strong>tn</strong></span> <span class='ocrx_word' id='word_1_21' title='bbox 757 684 867 756; x_wconf 82' lang='lat' dir='ltr'><strong>petiere</strong></span> <span class='ocrx_word' id='word_1_22' title='bbox 885 685 1022 757; x_wconf 78' lang='lat' dir='ltr'><strong>serosque,</strong></span> 
     </span>
     <span class='ocr_line' id='line_1_5' title="bbox 360 775 851 848; baseline 0 -17"><span class='ocrx_word' id='word_1_23' title='bbox 360 777 427 831; x_wconf 82' lang='lat' dir='ltr'><strong>Sum</strong></span> <span class='ocrx_word' id='word_1_24' title='bbox 446 794 546 848; x_wconf 82' lang='lat' dir='ltr'><strong>possus</strong></span> <span class='ocrx_word' id='word_1_25' title='bbox 564 775 625 846; x_wconf 88' lang='lat' dir='ltr'><strong>ipse</strong></span> <span class='ocrx_word' id='word_1_26' title='bbox 644 777 673 831; x_wconf 88' lang='lat' dir='ltr'><strong>et</strong></span> <span class='ocrx_word' id='word_1_27' title='bbox 691 793 765 830; x_wconf 89' lang='lat' dir='ltr'><strong>nnnc</strong></span> <span class='ocrx_word' id='word_1_28' title='bbox 782 775 851 831; x_wconf 82' lang='lat' dir='ltr'><strong>fero.</strong></span> 
     </span>
    </p>

    <p class='ocr_par' dir='ltr' id='par_1_4' title="bbox 289 863 1046 1025">
     <span class='ocr_line' id='line_1_6' title="bbox 289 863 1046 936; baseline -0.005 -15"><span class='ocrx_word' id='word_1_29' title='bbox 289 867 371 932; x_wconf 83' lang='lat' dir='ltr'><strong>Quod</strong></span> <span class='ocrx_word' id='word_1_30' title='bbox 389 865 413 921; x_wconf 90' lang='lat' dir='ltr'><strong>si</strong></span> <span class='ocrx_word' id='word_1_31' title='bbox 431 865 608 936; x_wconf 75' lang='lat' dir='ltr'><strong>perstiterint</strong></span> <span class='ocrx_word' id='word_1_32' title='bbox 625 883 681 921; x_wconf 90' lang='lat' dir='ltr'><strong>non</strong></span> <span class='ocrx_word' id='word_1_33' title='bbox 700 863 827 920; x_wconf 78' lang='lat' dir='ltr'>desinere</span> <span class='ocrx_word' id='word_1_34' title='bbox 845 881 906 920; x_wconf 85' lang='lat' dir='ltr'><strong>esse</strong></span> <span class='ocrx_word' id='word_1_35' title='bbox 925 863 1046 931; x_wconf 86' lang='lat' dir='ltr'><strong>molesti,</strong></span> 
     </span>
     <span class='ocr_line' id='line_1_7' title="bbox 359 954 750 1025; baseline -0.013 -14"><span class='ocrx_word' id='word_1_36' title='bbox 359 956 513 1025; x_wconf 86' lang='lat' dir='ltr'><strong>Vtrumque</strong></span> <span class='ocrx_word' id='word_1_37' title='bbox 534 954 750 1011; x_wconf 77' lang='lat' dir='ltr'><strong>nominabimus.</strong></span> 
     </span>
    </p>

    <p class='ocr_par' dir='ltr' id='par_1_5' title="bbox 288 1043 1018 1205">
     <span class='ocr_line' id='line_1_8' title="bbox 288 1043 1018 1114; baseline 0 -15"><span class='ocrx_word' id='word_1_38' title='bbox 288 1043 396 1101; x_wconf 84' lang='lat' dir='ltr'><strong>Andest</strong></span> <span class='ocrx_word' id='word_1_39' title='bbox 413 1043 529 1113; x_wconf 82' lang='lat' dir='ltr'><strong>interes,</strong></span> <span class='ocrx_word' id='word_1_40' title='bbox 548 1048 686 1114; x_wconf 86' lang='lat' dir='ltr'><strong>qusntnm</strong></span> <span class='ocrx_word' id='word_1_41' title='bbox 704 1045 790 1113; x_wconf 86' lang='lat' dir='ltr'><strong>volet,</strong></span> <span class='ocrx_word' id='word_1_42' title='bbox 811 1043 911 1099; x_wconf 78' lang='lat' dir='ltr'><strong>ardent</strong></span> <span class='ocrx_word' id='word_1_43' title='bbox 929 1045 959 1099; x_wconf 89' lang='lat' dir='ltr'><strong>et</strong></span> <span class='ocrx_word' id='word_1_44' title='bbox 977 1061 1018 1099; x_wconf 51' lang='lat' dir='ltr'><strong>sex</strong></span> 
     </span>
     <span class='ocr_line' id='line_1_9' title="bbox 359 1133 719 1205; baseline 0.003 -17"><span class='ocrx_word' id='word_1_45' title='bbox 359 1133 460 1190; x_wconf 86' lang='lat' dir='ltr'><strong>Livore</strong></span> <span class='ocrx_word' id='word_1_46' title='bbox 478 1133 556 1189; x_wconf 87' lang='lat' dir='ltr'><strong>ineni</strong></span> <span class='ocrx_word' id='word_1_47' title='bbox 575 1136 719 1205; x_wconf 80' lang='lat' dir='ltr'><strong>torqueat:</strong></span> 
     </span>
    </p>

    <p class='ocr_par' dir='ltr' id='par_1_6' title="bbox 289 1221 988 1383">
     <span class='ocr_line' id='line_1_10' title="bbox 289 1221 988 1294; baseline -0.001 -16"><span class='ocrx_word' id='word_1_48' title='bbox 289 1223 348 1278; x_wconf 84' lang='lat' dir='ltr'><strong>Nos</strong></span> <span class='ocrx_word' id='word_1_49' title='bbox 367 1222 503 1278; x_wconf 75' lang='lat' dir='ltr'><strong>elimenta</strong></span> <span class='ocrx_word' id='word_1_50' title='bbox 520 1222 581 1294; x_wconf 78' lang='lat' dir='ltr'><strong>igni</strong></span> <span class='ocrx_word' id='word_1_51' title='bbox 600 1223 729 1279; x_wconf 79' lang='lat' dir='ltr'><strong>dabimus</strong></span> <span class='ocrx_word' id='word_1_52' title='bbox 747 1222 898 1279; x_wconf 85' lang='lat' dir='ltr'><strong>virtutibus</strong></span> <span class='ocrx_word' id='word_1_53' title='bbox 916 1221 988 1290; x_wconf 85' lang='lat' dir='ltr'><strong>istis,</strong></span> 
     </span>
     <span class='ocr_line' id='line_1_11' title="bbox 360 1311 763 1383; baseline 0.002 -17"><span class='ocrx_word' id='word_1_54' title='bbox 360 1313 419 1368; x_wconf 84' lang='lat' dir='ltr'><strong>Nos</strong></span> <span class='ocrx_word' id='word_1_55' title='bbox 438 1311 532 1383; x_wconf 75' lang='lat' dir='ltr'><strong>gretie</strong></span> <span class='ocrx_word' id='word_1_56' title='bbox 549 1330 668 1382; x_wconf 83' lang='lat' dir='ltr'><strong>querum</strong></span> <span class='ocrx_word' id='word_1_57' title='bbox 688 1312 763 1383; x_wconf 79' lang='lat' dir='ltr'><strong>fugit</strong></span> 
     </span>
    </p>

    <p class='ocr_par' dir='ltr' id='par_1_7' title="bbox 290 1399 1161 1562">
     <span class='ocr_line' id='line_1_12' title="bbox 290 1399 1161 1472; baseline -0.002 -17"><span class='ocrx_word' id='word_1_58' title='bbox 290 1401 416 1470; x_wconf 83' lang='lat' dir='ltr'><strong>Cumque</strong></span> <span class='ocrx_word' id='word_1_59' title='bbox 434 1401 519 1472; x_wconf 79' lang='lat' dir='ltr'><strong>leget,</strong></span> <span class='ocrx_word' id='word_1_60' title='bbox 537 1401 562 1456; x_wconf 91' lang='lat' dir='ltr'><strong>si</strong></span> <span class='ocrx_word' id='word_1_61' title='bbox 579 1402 652 1457; x_wconf 83' lang='lat' dir='ltr'><strong>forte</strong></span> <span class='ocrx_word' id='word_1_62' title='bbox 670 1402 747 1472; x_wconf 78' lang='lat' dir='ltr'><strong>leget</strong></span> <span class='ocrx_word' id='word_1_63' title='bbox 766 1418 837 1471; x_wconf 84' lang='lat' dir='ltr'><strong>quse</strong></span> <span class='ocrx_word' id='word_1_64' title='bbox 857 1399 1005 1456; x_wconf 73' lang='lat' dir='ltr'><strong>scribimus</strong></span> <span class='ocrx_word' id='word_1_65' title='bbox 1023 1417 1161 1469; x_wconf 84' lang='lat' dir='ltr'><strong>unquam,</strong></span> 
     </span>
     <span class='ocr_line' id='line_1_13' title="bbox 361 1490 704 1562; baseline 0 -17"><span class='ocrx_word' id='word_1_66' title='bbox 361 1491 446 1547; x_wconf 75' lang='lat' dir='ltr'><strong>Sacro</strong></span> <span class='ocrx_word' id='word_1_67' title='bbox 464 1491 574 1560; x_wconf 78' lang='lat' dir='ltr'><strong>puellus</strong></span> <span class='ocrx_word' id='word_1_68' title='bbox 592 1490 704 1562; x_wconf 81' lang='lat' dir='ltr'><strong>pectine</strong></span> 
     </span>
    </p>

    <p class='ocr_par' dir='ltr' id='par_1_8' title="bbox 287 1579 966 1740">
     <span class='ocr_line' id='line_1_14' title="bbox 287 1579 966 1651; baseline 0 -17"><span class='ocrx_word' id='word_1_69' title='bbox 287 1579 416 1651; x_wconf 81' lang='lat' dir='ltr'><strong>Aspiciet</strong></span> <span class='ocrx_word' id='word_1_70' title='bbox 433 1584 545 1636; x_wconf 81' lang='lat' dir='ltr'><strong>nostroe</strong></span> <span class='ocrx_word' id='word_1_71' title='bbox 564 1579 629 1635; x_wconf 83' lang='lat' dir='ltr'><strong>fidei</strong></span> <span class='ocrx_word' id='word_1_72' title='bbox 648 1580 816 1636; x_wconf 74' lang='lat' dir='ltr'><strong>documenta</strong></span> <span class='ocrx_word' id='word_1_73' title='bbox 835 1579 966 1648; x_wconf 85' lang='lat' dir='ltr'><strong>vicissim,</strong></span> 
     </span>
     <span class='ocr_line' id='line_1_15' title="bbox 360 1669 760 1740; baseline 0.005 -16"><span class='ocrx_word' id='word_1_74' title='bbox 360 1669 520 1740; x_wconf 81' lang='lat' dir='ltr'><strong>Suspendet</strong></span> <span class='ocrx_word' id='word_1_75' title='bbox 537 1671 566 1725; x_wconf 89' lang='lat' dir='ltr'><strong>et</strong></span> <span class='ocrx_word' id='word_1_76' title='bbox 584 1686 614 1724; x_wconf 93' lang='lat' dir='ltr'><strong>se</strong></span> <span class='ocrx_word' id='word_1_77' title='bbox 633 1669 760 1726; x_wconf 73' lang='lat' dir='ltr'><strong>forsitan.</strong></span> 
     </span>
    </p>

    <p class='ocr_par' dir='ltr' id='par_1_9' title="bbox 289 1755 1033 1919">
     <span class='ocr_line' id='line_1_16' title="bbox 289 1755 1033 1827; baseline -0.003 -14"><span class='ocrx_word' id='word_1_78' title='bbox 289 1759 332 1813; x_wconf 72' lang='lat' dir='ltr'><strong>&#39;Ibi</strong></span> <span class='ocrx_word' id='word_1_79' title='bbox 350 1757 428 1827; x_wconf 87' lang='lat' dir='ltr'><strong>prior</strong></span> <span class='ocrx_word' id='word_1_80' title='bbox 447 1775 574 1815; x_wconf 87' lang='lat' dir='ltr'><strong>occurres</strong></span> <span class='ocrx_word' id='word_1_81' title='bbox 593 1757 637 1812; x_wconf 85' lang='lat' dir='ltr'><strong>illi</strong></span> <span class='ocrx_word' id='word_1_82' title='bbox 656 1759 888 1827; x_wconf 76' lang='lat' dir='ltr'><strong>stomachumque</strong></span> <span class='ocrx_word' id='word_1_83' title='bbox 906 1755 1033 1813; x_wconf 83' lang='lat' dir='ltr'><strong>movebis</strong></span> 
     </span>
     <span class='ocr_line' id='line_1_17' title="bbox 361 1846 688 1919; baseline 0.006 -17"><span class='ocrx_word' id='word_1_84' title='bbox 361 1846 557 1903; x_wconf 79' lang='lat' dir='ltr'><strong>Proeliminari</strong></span> <span class='ocrx_word' id='word_1_85' title='bbox 575 1849 688 1919; x_wconf 73' lang='lat' dir='ltr'><strong>pagins.</strong></span> 
     </span>
    </p>

    <p class='ocr_par' dir='ltr' id='par_1_10' title="bbox 288 1928 1115 2098">
     <span class='ocr_line' id='line_1_18' title="bbox 288 1928 1115 2008; baseline -0.002 -17"><span class='ocrx_word' id='word_1_86' title='bbox 288 1937 350 1992; x_wconf 85' lang='lat' dir='ltr'><strong>Huc</strong></span> <span class='ocrx_word' id='word_1_87' title='bbox 369 1954 480 2006; x_wconf 90' lang='lat' dir='ltr'><strong>quoque</strong></span> <span class='ocrx_word' id='word_1_88' title='bbox 498 1936 631 2008; x_wconf 76' lang='lat' dir='ltr'><strong>respiciet</strong></span> <span class='ocrx_word' id='word_1_89' title='bbox 648 1941 711 2007; x_wconf 86' lang='lat' dir='ltr'><strong>(nec</strong></span> <span class='ocrx_word' id='word_1_90' title='bbox 730 1928 804 1993; x_wconf 79' lang='lat' dir='ltr'><strong>enim</strong></span> <span class='ocrx_word' id='word_1_91' title='bbox 823 1937 900 2008; x_wconf 80' lang='lat' dir='ltr'><strong>leget</strong></span> <span class='ocrx_word' id='word_1_92' title='bbox 919 1934 1023 2006; x_wconf 81' lang='lat' dir='ltr'><strong>omnis)</strong></span> <span class='ocrx_word' id='word_1_93' title='bbox 1042 1935 1115 1991; x_wconf 83' lang='lat' dir='ltr'><strong>livor</strong></span> 
     </span>
     <span class='ocr_line' id='line_1_19' title="bbox 360 2027 779 2098; baseline 0.007 -18"><span class='ocrx_word' id='word_1_94' title='bbox 360 2027 515 2097; x_wconf 81' lang='lat' dir='ltr'><strong>Vitumque</strong></span> <span class='ocrx_word' id='word_1_95' title='bbox 532 2044 626 2082; x_wconf 83' lang='lat' dir='ltr'><strong>rursus</strong></span> <span class='ocrx_word' id='word_1_96' title='bbox 644 2028 779 2098; x_wconf 79' lang='lat' dir='ltr'>perleget.</span> 
     </span>
    </p>

    <p class='ocr_par' dir='ltr' id='par_1_11' title="bbox 289 2113 1080 2261">
     <span class='ocr_line' id='line_1_20' title="bbox 289 2113 1080 2188; baseline -0.001 -19"><span class='ocrx_word' id='word_1_97' title='bbox 289 2115 369 2172; x_wconf 82' lang='lat' dir='ltr'><strong>Eheu</strong></span> <span class='ocrx_word' id='word_1_98' title='bbox 387 2134 457 2186; x_wconf 90' lang='lat' dir='ltr'><strong>quos</strong></span> <span class='ocrx_word' id='word_1_99' title='bbox 475 2116 598 2188; x_wconf 79' lang='lat' dir='ltr'><strong>gemitus</strong></span> <span class='ocrx_word' id='word_1_100' title='bbox 617 2117 697 2173; x_wconf 85' lang='lat' dir='ltr'><strong>debis</strong></span> <span class='ocrx_word' id='word_1_101' title='bbox 715 2115 771 2185; x_wconf 88' lang='lat' dir='ltr'><strong>hic,</strong></span> <span class='ocrx_word' id='word_1_102' title='bbox 788 2113 975 2172; x_wconf 84' lang='lat' dir='ltr'><strong>moestissime</strong></span> <span class='ocrx_word' id='word_1_103' title='bbox 993 2115 1080 2183; x_wconf 86' lang='lat' dir='ltr'><strong>livor,</strong></span> 
     </span>
     <span class='ocr_line' id='line_1_21' title="bbox 360 2204 784 2261; baseline 0 -2"><span class='ocrx_word' id='word_1_104' title='bbox 360 2205 432 2259; x_wconf 81' lang='lat' dir='ltr'><strong>Tum</strong></span> <span class='ocrx_word' id='word_1_105' title='bbox 450 2205 530 2261; x_wconf 86' lang='lat' dir='ltr'><strong>firmo</strong></span> <span class='ocrx_word' id='word_1_106' title='bbox 548 2223 643 2261; x_wconf 82' lang='lat' dir='ltr'><strong>umore</strong></span> <span class='ocrx_word' id='word_1_107' title='bbox 662 2204 784 2260; x_wconf 85' lang='lat' dir='ltr'><strong>territus.</strong></span> 
     </span>
    </p>

    <p class='ocr_par' dir='ltr' id='par_1_12' title="bbox 291 2286 1164 2453">
     <span class='ocr_line' id='line_1_22' title="bbox 291 2286 1164 2365; baseline 0.002 -18"><span class='ocrx_word' id='word_1_108' title='bbox 291 2292 365 2360; x_wconf 81' lang='lat' dir='ltr'><strong>Quin</strong></span> <span class='ocrx_word' id='word_1_109' title='bbox 384 2311 438 2365; x_wconf 75' lang='lat' dir='ltr'><strong>ege</strong></span> <span class='ocrx_word' id='word_1_110' title='bbox 455 2310 490 2348; x_wconf 92' lang='lat' dir='ltr'><strong>ne</strong></span> <span class='ocrx_word' id='word_1_111' title='bbox 509 2295 584 2365; x_wconf 76' lang='lat' dir='ltr'><strong>garri</strong></span> <span class='ocrx_word' id='word_1_112' title='bbox 603 2297 713 2351; x_wconf 67' lang='lat' dir='ltr'><strong>conus:</strong></span> <span class='ocrx_word' id='word_1_113' title='bbox 732 2312 786 2349; x_wconf 90' lang='lat' dir='ltr'><strong>nen</strong></span> <span class='ocrx_word' id='word_1_114' title='bbox 805 2294 908 2364; x_wconf 82' lang='lat' dir='ltr'>perfide</span> <span class='ocrx_word' id='word_1_115' title='bbox 922 2293 1019 2362; x_wconf 81' lang='lat' dir='ltr'><strong>latres,</strong></span> <span class='ocrx_word' id='word_1_116' title='bbox 1066 2286 1070 2295; x_wconf 67' lang='lat'><em>&#39;</em></span> <span class='ocrx_word' id='word_1_117' title='bbox 1158 2323 1164 2332; x_wconf 90' lang='lat'>·</span> 
     </span>
     <span class='ocr_line' id='line_1_23' title="bbox 360 2382 761 2453; baseline -0.005 -15"><span class='ocrx_word' id='word_1_118' title='bbox 360 2383 399 2438; x_wconf 88' lang='lat' dir='ltr'><strong>Ni</strong></span> <span class='ocrx_word' id='word_1_119' title='bbox 416 2382 560 2453; x_wconf 84' lang='lat' dir='ltr'><strong>perditum</strong></span> <span class='ocrx_word' id='word_1_120' title='bbox 574 2382 609 2437; x_wconf 89' lang='lat' dir='ltr'><strong>iri</strong></span> <span class='ocrx_word' id='word_1_121' title='bbox 628 2387 656 2439; x_wconf 92' lang='lat' dir='ltr'><strong>te</strong></span> <span class='ocrx_word' id='word_1_122' title='bbox 675 2384 761 2439; x_wconf 86' lang='lat' dir='ltr'><strong>voles.</strong></span> 
     </span>
    </p>

    <p class='ocr_par' dir='ltr' id='par_1_13' title="bbox 290 2471 1017 2633">
     <span class='ocr_line' id='line_1_24' title="bbox 290 2471 1017 2542; baseline 0 -15"><span class='ocrx_word' id='word_1_123' title='bbox 290 2474 329 2528; x_wconf 82' lang='lat' dir='ltr'><strong>At</strong></span> <span class='ocrx_word' id='word_1_124' title='bbox 345 2474 386 2542; x_wconf 84' lang='lat' dir='ltr'><strong>tu,</strong></span> <span class='ocrx_word' id='word_1_125' title='bbox 405 2472 563 2542; x_wconf 88' lang='lat' dir='ltr'><strong>quicunque</strong></span> <span class='ocrx_word' id='word_1_126' title='bbox 582 2490 612 2528; x_wconf 89' lang='lat' dir='ltr'><strong>es</strong></span> <span class='ocrx_word' id='word_1_127' title='bbox 631 2473 719 2529; x_wconf 85' lang='lat' dir='ltr'><strong>lector</strong></span> <span class='ocrx_word' id='word_1_128' title='bbox 737 2472 796 2528; x_wconf 89' lang='lat' dir='ltr'><strong>sine</strong></span> <span class='ocrx_word' id='word_1_129' title='bbox 814 2473 878 2529; x_wconf 83' lang='lat' dir='ltr'><strong>lube</strong></span> <span class='ocrx_word' id='word_1_130' title='bbox 898 2471 1017 2542; x_wconf 79' lang='lat' dir='ltr'><strong>futurus,</strong></span> 
     </span>
     <span class='ocr_line' id='line_1_25' title="bbox 362 2561 725 2633; baseline 0.008 -18"><span class='ocrx_word' id='word_1_131' title='bbox 362 2563 477 2633; x_wconf 78' lang='lat' dir='ltr'><strong>Ignosce</strong></span> <span class='ocrx_word' id='word_1_132' title='bbox 496 2561 564 2617; x_wconf 87' lang='lat' dir='ltr'><strong>Vite</strong></span> <span class='ocrx_word' id='word_1_133' title='bbox 583 2579 616 2618; x_wconf 82' lang='lat' dir='ltr'><strong>sc</strong></span> <span class='ocrx_word' id='word_1_134' title='bbox 634 2562 725 2618; x_wconf 88' lang='lat' dir='ltr'><strong>Helio.</strong></span> 
     </span>
    </p>

    <p class='ocr_par' dir='ltr' id='par_1_14' title="bbox 288 2651 1268 2812">
     <span class='ocr_line' id='line_1_26' title="bbox 288 2651 1268 2722; baseline -0.001 -17"><span class='ocrx_word' id='word_1_135' title='bbox 288 2651 341 2706; x_wconf 84' lang='lat' dir='ltr'><strong>Est</strong></span> <span class='ocrx_word' id='word_1_136' title='bbox 358 2669 429 2722; x_wconf 86' lang='lat' dir='ltr'><strong>opus</strong></span> <span class='ocrx_word' id='word_1_137' title='bbox 448 2651 547 2708; x_wconf 73' lang='lat' dir='ltr'><strong>sudaei</strong></span> <span class='ocrx_word' id='word_1_138' title='bbox 566 2669 676 2708; x_wconf 85' lang='lat' dir='ltr'><strong>muscss</strong></span> <span class='ocrx_word' id='word_1_139' title='bbox 694 2668 788 2707; x_wconf 85' lang='lat' dir='ltr'><strong>srcere</strong></span> <span class='ocrx_word' id='word_1_140' title='bbox 806 2651 920 2722; x_wconf 76' lang='lat' dir='ltr'><strong>flagello</strong></span> <span class='ocrx_word' id='word_1_141' title='bbox 939 2651 1062 2720; x_wconf 82' lang='lat' dir='ltr'><strong>(flebello</strong></span> <span class='ocrx_word' id='word_1_142' title='bbox 1081 2651 1148 2706; x_wconf 86' lang='lat' dir='ltr'><strong>Her.</strong></span> <span class='ocrx_word' id='word_1_143' title='bbox 1170 2652 1268 2721; x_wconf 65' lang='lat' dir='ltr'><strong>efflet),</strong></span> 
     </span>
     <span class='ocr_line' id='line_1_27' title="bbox 360 2740 771 2812; baseline 0.007 -18"><span class='ocrx_word' id='word_1_144' title='bbox 360 2740 403 2795; x_wconf 85' lang='lat' dir='ltr'><strong>Ne</strong></span> <span class='ocrx_word' id='word_1_145' title='bbox 422 2757 506 2812; x_wconf 87' lang='lat' dir='ltr'><strong>ssepe</strong></span> <span class='ocrx_word' id='word_1_146' title='bbox 524 2743 653 2812; x_wconf 80' lang='lat' dir='ltr'><strong>pungent</strong></span> <span class='ocrx_word' id='word_1_147' title='bbox 670 2740 771 2810; x_wconf 83' lang='lat' dir='ltr'><strong>libere;</strong></span> 
     </span>
    </p>

    <p class='ocr_par' dir='ltr' id='par_1_15' title="bbox 290 2828 1048 2991">
     <span class='ocr_line' id='line_1_28' title="bbox 290 2828 1048 2898; baseline 0.001 -15"><span class='ocrx_word' id='word_1_148' title='bbox 290 2829 474 2898; x_wconf 84' lang='lat' dir='ltr'><strong>Irrequietum</strong></span> <span class='ocrx_word' id='word_1_149' title='bbox 492 2828 599 2886; x_wconf 77' lang='lat' dir='ltr'><strong>animal</strong></span> <span class='ocrx_word' id='word_1_150' title='bbox 617 2833 708 2888; x_wconf 83' lang='lat' dir='ltr'><strong>rostro</strong></span> <span class='ocrx_word' id='word_1_151' title='bbox 727 2831 871 2887; x_wconf 88' lang='lat' dir='ltr'><strong>mordente</strong></span> <span class='ocrx_word' id='word_1_152' title='bbox 890 2829 1048 2885; x_wconf 88' lang='lat' dir='ltr'><strong>timendum</strong></span> 
     </span>
     <span class='ocr_line' id='line_1_29' title="bbox 360 2919 795 2991; baseline 0.009 -18"><span class='ocrx_word' id='word_1_153' title='bbox 360 2919 493 2976; x_wconf 74' lang='lat' dir='ltr'><strong>Facessat</strong></span> <span class='ocrx_word' id='word_1_154' title='bbox 510 2919 540 2975; x_wconf 94' lang='lat' dir='ltr'><strong>in</strong></span> <span class='ocrx_word' id='word_1_155' title='bbox 558 2937 617 2976; x_wconf 84' lang='lat' dir='ltr'><strong>rem</strong></span> <span class='ocrx_word' id='word_1_156' title='bbox 636 2919 795 2991; x_wconf 75' lang='lat' dir='ltr'><strong>pessimum.</strong></span> 
     </span>
    </p>

    <p class='ocr_par' dir='ltr' id='par_1_16' title="bbox 291 3009 933 3170">
     <span class='ocr_line' id='line_1_30' title="bbox 291 3009 933 3079; baseline 0.005 -17"><span class='ocrx_word' id='word_1_157' title='bbox 291 3010 329 3063; x_wconf 81' lang='lat' dir='ltr'><strong>At</strong></span> <span class='ocrx_word' id='word_1_158' title='bbox 346 3011 378 3063; x_wconf 90' lang='lat' dir='ltr'><strong>tu</strong></span> <span class='ocrx_word' id='word_1_159' title='bbox 396 3014 555 3065; x_wconf 85' lang='lat' dir='ltr'><strong>nostrornm</strong></span> <span class='ocrx_word' id='word_1_160' title='bbox 574 3009 660 3065; x_wconf 89' lang='lat' dir='ltr'><strong>studii</strong></span> <span class='ocrx_word' id='word_1_161' title='bbox 678 3009 809 3079; x_wconf 81' lang='lat' dir='ltr'><strong>vitseque</strong></span> <span class='ocrx_word' id='word_1_162' title='bbox 828 3009 933 3065; x_wconf 88' lang='lat' dir='ltr'><strong>sodslis</strong></span> 
     </span>
     <span class='ocr_line' id='line_1_31' title="bbox 363 3097 886 3170; baseline 0.008 -20"><span class='ocrx_word' id='word_1_163' title='bbox 363 3097 423 3163; x_wconf 85' lang='lat' dir='ltr'><strong>Quo</strong></span> <span class='ocrx_word' id='word_1_164' title='bbox 442 3099 489 3153; x_wconf 82' lang='lat' dir='ltr'><strong>vix</strong></span> <span class='ocrx_word' id='word_1_165' title='bbox 506 3098 597 3170; x_wconf 78' lang='lat' dir='ltr'><strong>msgis</strong></span> <span class='ocrx_word' id='word_1_166' title='bbox 616 3100 766 3170; x_wconf 80' lang='lat' dir='ltr'><strong>quicquum</strong></span> <span class='ocrx_word' id='word_1_167' title='bbox 784 3099 886 3169; x_wconf 75' lang='lat' dir='ltr'><strong>placet.</strong></span> 
     </span>
    </p>

    <p class='ocr_par' dir='ltr' id='par_1_17' title="bbox 290 3187 980 3347">
     <span class='ocr_line' id='line_1_32' title="bbox 290 3187 980 3257; baseline 0.001 -16"><span class='ocrx_word' id='word_1_168' title='bbox 290 3187 334 3243; x_wconf 88' lang='lat' dir='ltr'><strong>Ne</strong></span> <span class='ocrx_word' id='word_1_169' title='bbox 352 3187 458 3257; x_wconf 79' lang='lat' dir='ltr'><strong>doleas,</strong></span> <span class='ocrx_word' id='word_1_170' title='bbox 477 3187 501 3241; x_wconf 91' lang='lat' dir='ltr'><strong>si</strong></span> <span class='ocrx_word' id='word_1_171' title='bbox 519 3192 547 3243; x_wconf 90' lang='lat' dir='ltr'><strong>ts</strong></span> <span class='ocrx_word' id='word_1_172' title='bbox 567 3188 658 3244; x_wconf 84' lang='lat' dir='ltr'><strong>melus</strong></span> <span class='ocrx_word' id='word_1_173' title='bbox 676 3188 829 3244; x_wconf 80' lang='lat' dir='ltr'><strong>insectatur</strong></span> <span class='ocrx_word' id='word_1_174' title='bbox 846 3190 875 3244; x_wconf 85' lang='lat' dir='ltr'><strong>et</strong></span> <span class='ocrx_word' id='word_1_175' title='bbox 893 3188 980 3244; x_wconf 84' lang='lat' dir='ltr'><strong>sudet</strong></span> 
     </span>
     <span class='ocr_line' id='line_1_33' title="bbox 362 3275 743 3347; baseline 0.005 -17"><span class='ocrx_word' id='word_1_176' title='bbox 362 3276 463 3332; x_wconf 84' lang='lat' dir='ltr'><strong>Livore</strong></span> <span class='ocrx_word' id='word_1_177' title='bbox 482 3275 598 3347; x_wconf 76' lang='lat' dir='ltr'><strong>dignum</strong></span> <span class='ocrx_word' id='word_1_178' title='bbox 618 3276 743 3344; x_wconf 86' lang='lat' dir='ltr'><strong>credere;</strong></span> 
     </span>
    </p>
   </div>
   <div class='ocr_carea' id='block_1_3' title="bbox 291 3364 1184 3704">
    <p class='ocr_par' dir='ltr' id='par_1_18' title="bbox 291 3364 1184 3524">
     <span class='ocr_line' id='line_1_34' title="bbox 291 3364 1184 3436; baseline -0.006 -14"><span class='ocrx_word' id='word_1_179' title='bbox 291 3366 382 3422; x_wconf 84' lang='lat' dir='ltr'><strong>Ceuss</strong></span> <span class='ocrx_word' id='word_1_180' title='bbox 399 3367 448 3420; x_wconf 85' lang='lat' dir='ltr'><strong>tus</strong></span> <span class='ocrx_word' id='word_1_181' title='bbox 466 3369 509 3421; x_wconf 91' lang='lat' dir='ltr'><strong>est</strong></span> <span class='ocrx_word' id='word_1_182' title='bbox 527 3364 625 3436; x_wconf 86' lang='lat' dir='ltr'><strong>virtus,</strong></span> <span class='ocrx_word' id='word_1_183' title='bbox 644 3383 787 3435; x_wconf 80' lang='lat' dir='ltr'><strong>nunquam</strong></span> <span class='ocrx_word' id='word_1_184' title='bbox 806 3368 884 3421; x_wconf 78' lang='lat' dir='ltr'><strong>caret</strong></span> <span class='ocrx_word' id='word_1_185' title='bbox 901 3365 953 3421; x_wconf 83' lang='lat' dir='ltr'><strong>ills</strong></span> <span class='ocrx_word' id='word_1_186' title='bbox 970 3364 1112 3436; x_wconf 77' lang='lat' dir='ltr'><strong>malignis,</strong></span> <span class='ocrx_word' id='word_1_187' title='bbox 1173 3386 1184 3402; x_wconf 95' lang='lat'><strong>·</strong></span> 
     </span>
     <span class='ocr_line' id='line_1_35' title="bbox 363 3455 751 3524; baseline -0.003 -13"><span class='ocrx_word' id='word_1_188' title='bbox 363 3455 416 3521; x_wconf 80' lang='lat' dir='ltr'><strong>Qui</strong></span> <span class='ocrx_word' id='word_1_189' title='bbox 435 3455 592 3524; x_wconf 69' lang='lat' dir='ltr'><strong>debebant,</strong></span> <span class='ocrx_word' id='word_1_190' title='bbox 611 3455 751 3511; x_wconf 84' lang='lat' dir='ltr'><strong>osoribus:</strong></span> 
     </span>
    </p>

    <p class='ocr_par' dir='ltr' id='par_1_19' title="bbox 292 3543 982 3704">
     <span class='ocr_line' id='line_1_36' title="bbox 292 3543 982 3616; baseline -0.004 -15"><span class='ocrx_word' id='word_1_191' title='bbox 292 3545 374 3613; x_wconf 80' lang='lat' dir='ltr'><strong>Quin,</strong></span> <span class='ocrx_word' id='word_1_192' title='bbox 393 3562 454 3616; x_wconf 81' lang='lat' dir='ltr'>ege,</span> <span class='ocrx_word' id='word_1_193' title='bbox 473 3544 569 3600; x_wconf 86' lang='lat' dir='ltr'><strong>deride</strong></span> <span class='ocrx_word' id='word_1_194' title='bbox 589 3547 744 3614; x_wconf 75' lang='lat' dir='ltr'><strong>coeptoque</strong></span> <span class='ocrx_word' id='word_1_195' title='bbox 763 3543 861 3598; x_wconf 85' lang='lat' dir='ltr'><strong>insiste</strong></span> <span class='ocrx_word' id='word_1_196' title='bbox 879 3543 982 3598; x_wconf 75' lang='lat' dir='ltr'><strong>labori:</strong></span> 
     </span>
     <span class='ocr_line' id='line_1_37' title="bbox 363 3633 703 3704; baseline 0 -17"><span class='ocrx_word' id='word_1_197' title='bbox 363 3633 453 3688; x_wconf 85' lang='lat' dir='ltr'><strong>Codro</strong></span> <span class='ocrx_word' id='word_1_198' title='bbox 471 3634 626 3704; x_wconf 75' lang='lat' dir='ltr'><strong>crepabunt</strong></span> <span class='ocrx_word' id='word_1_199' title='bbox 644 3633 703 3688; x_wconf 86' lang='lat' dir='ltr'><strong>llis.</strong></span> 
     </span>
    </p>
   </div>
   <div class='ocr_carea' id='block_1_4' title="bbox 0 0 1515 5018">
    <p class='ocr_par' dir='ltr' id='par_1_20' title="bbox 0 0 1515 5018">
     <span class='ocr_line' id='line_1_38' title="bbox 0 0 1515 5018; baseline 0 0"><span class='ocrx_word' id='word_1_200' title='bbox 0 0 1515 5018; x_wconf 95' lang='lat' dir='ltr'><strong> </strong></span> 
     </span>
    </p>
   </div>
  </div>
 </body>
</html>
