<?xml version="1.0" encoding="UTF-8"?>
<!DOCTYPE html PUBLIC "-//W3C//DTD XHTML 1.0 Transitional//EN"
    "http://www.w3.org/TR/xhtml1/DTD/xhtml1-transitional.dtd">
<html xmlns="http://www.w3.org/1999/xhtml" xml:lang="en" lang="en">
 <head>
  <title>
</title>
<meta http-equiv="Content-Type" content="text/html;charset=utf-8" />
  <meta name='ocr-system' content='tesseract 3.04.00' />
  <meta name='ocr-capabilities' content='ocr_page ocr_carea ocr_par ocr_line ocrx_word'/>
</head>
<body>
  <div class='ocr_page' id='page_1' title='image "./fridericiritsch05wachgoog_0372.png"; bbox 0 0 2992 5004; ppageno 0'>
   <div class='ocr_carea' id='block_1_1' title="bbox 408 329 1235 397">
    <p class='ocr_par' dir='ltr' id='par_1_1' title="bbox 408 329 1235 397">
     <span class='ocr_line' id='line_1_1' title="bbox 408 329 1235 397; baseline 0.004 -4"><span class='ocrx_word' id='word_1_1' title='bbox 408 347 673 396; x_wconf 72' lang='lat' dir='ltr'><strong>nrrnunamoms</strong></span> <span class='ocrx_word' id='word_1_2' title='bbox 696 346 903 395; x_wconf 75' lang='lat' dir='ltr'><strong>rnavmuan.</strong></span> <span class='ocrx_word' id='word_1_3' title='bbox 1168 329 1235 397; x_wconf 81' lang='lat'><strong>355</strong></span> 
     </span>
    </p>
   </div>
   <div class='ocr_carea' id='block_1_2' title="bbox 85 488 1342 4014">
    <p class='ocr_par' dir='ltr' id='par_1_2' title="bbox 85 488 1293 2062">
     <span class='ocr_line' id='line_1_2' title="bbox 87 488 1234 575; baseline 0.002 -22"><span class='ocrx_word' id='word_1_4' title='bbox 87 488 190 553; x_wconf 89' lang='lat' dir='ltr'><strong>finitis</strong></span> <span class='ocrx_word' id='word_1_5' title='bbox 210 488 392 575; x_wconf 86' lang='lat' dir='ltr'><strong>adiungere,</strong></span> <span class='ocrx_word' id='word_1_6' title='bbox 415 494 452 554; x_wconf 85' lang='lat' dir='ltr'><strong>ut</strong></span> <span class='ocrx_word' id='word_1_7' title='bbox 474 512 534 573; x_wconf 80' lang='lat' dir='ltr'><strong>quo</strong></span> <span class='ocrx_word' id='word_1_8' title='bbox 557 493 606 556; x_wconf 82' lang='lat' dir='ltr'><strong>ted</strong></span> <span class='ocrx_word' id='word_1_9' title='bbox 626 491 681 556; x_wconf 79' lang='lat' dir='ltr'><strong>boc</strong></span> <span class='ocrx_word' id='word_1_10' title='bbox 698 492 795 556; x_wconf 72' lang='lat' dir='ltr'><strong>moetas</strong></span> <span class='ocrx_word' id='word_1_11' title='bbox 814 493 929 572; x_wconf 73' lang='lat' dir='ltr'><strong>[dmum</strong></span> <span class='ocrx_word' id='word_1_12' title='bbox 946 490 1119 573; x_wconf 77' lang='lat' dir='ltr'><strong>prolfcotsci</strong></span> <span class='ocrx_word' id='word_1_13' title='bbox 1139 490 1234 571; x_wconf 78' lang='lat' dir='ltr'><strong>soros.</strong></span> 
     </span>
     <span class='ocr_line' id='line_1_3' title="bbox 88 595 1235 680; baseline 0.003 -20"><span class='ocrx_word' id='word_1_14' title='bbox 88 595 144 661; x_wconf 89' lang='lat' dir='ltr'><strong>sed</strong></span> <span class='ocrx_word' id='word_1_15' title='bbox 167 600 200 660; x_wconf 89' lang='lat' dir='ltr'><strong>et</strong></span> <span class='ocrx_word' id='word_1_16' title='bbox 223 618 280 680; x_wconf 88' lang='lat' dir='ltr'><strong>per</strong></span> <span class='ocrx_word' id='word_1_17' title='bbox 303 603 316 662; x_wconf 80' lang='lat' dir='ltr'><strong>t</strong></span> <span class='ocrx_word' id='word_1_18' title='bbox 338 597 435 662; x_wconf 81' lang='lat' dir='ltr'>scribi</span> <span class='ocrx_word' id='word_1_19' title='bbox 459 618 559 662; x_wconf 89' lang='lat' dir='ltr'><strong>sonus</strong></span> <span class='ocrx_word' id='word_1_20' title='bbox 583 599 673 663; x_wconf 91' lang='lat' dir='ltr'><strong>uocis</strong></span> <span class='ocrx_word' id='word_1_21' title='bbox 697 597 864 663; x_wconf 71' lang='lat' dir='ltr'><strong>admittit?</strong></span> <span class='ocrx_word' id='word_1_22' title='bbox 909 597 1000 664; x_wconf 89' lang='lat' dir='ltr'><strong>Nihil</strong></span> <span class='ocrx_word' id='word_1_23' title='bbox 1024 599 1058 662; x_wconf 92' lang='lat' dir='ltr'><strong>in</strong></span> <span class='ocrx_word' id='word_1_24' title='bbox 1081 598 1148 662; x_wconf 91' lang='lat' dir='ltr'><strong>illis</strong></span> <span class='ocrx_word' id='word_1_25' title='bbox 1171 599 1235 663; x_wconf 89' lang='lat' dir='ltr'><strong>nisi</strong></span> 
     </span>
     <span class='ocr_line' id='line_1_4' title="bbox 86 703 1234 791; baseline 0.005 -23"><span class='ocrx_word' id='word_1_26' title='bbox 86 707 125 768; x_wconf 87' lang='lat' dir='ltr'><strong>ut</strong></span> <span class='ocrx_word' id='word_1_27' title='bbox 147 703 274 768; x_wconf 86' lang='lat' dir='ltr'><strong>videtur</strong></span> <span class='ocrx_word' id='word_1_28' title='bbox 297 703 359 770; x_wconf 87' lang='lat' dir='ltr'><strong>hoo</strong></span> <span class='ocrx_word' id='word_1_29' title='bbox 381 705 584 771; x_wconf 90' lang='lat' dir='ltr'><strong>mutandum:</strong></span> <span class='ocrx_word' id='word_1_30' title='bbox 616 705 696 771; x_wconf 79' lang='lat' dir='ltr'><strong>‘tou</strong></span> <span class='ocrx_word' id='word_1_31' title='bbox 719 706 818 786; x_wconf 85' lang='lat' dir='ltr'><strong>enim,</strong></span> <span class='ocrx_word' id='word_1_32' title='bbox 842 726 960 791; x_wconf 73' lang='lat' dir='ltr'><strong>graem</strong></span> <span class='ocrx_word' id='word_1_33' title='bbox 982 728 1046 771; x_wconf 87' lang='lat' dir='ltr'><strong>uox</strong></span> <span class='ocrx_word' id='word_1_34' title='bbox 1069 705 1119 791; x_wconf 83' lang='grc' dir='ltr'><strong>οὐ,</strong></span> <span class='ocrx_word' id='word_1_35' title='bbox 1141 707 1163 770; x_wconf 86' lang='lat' dir='ltr'><strong>d</strong></span> <span class='ocrx_word' id='word_1_36' title='bbox 1184 707 1234 774; x_wconf 92' lang='lat' dir='ltr'><strong>lit·</strong></span> 
     </span>
     <span class='ocr_line' id='line_1_5' title="bbox 87 811 1234 899; baseline 0.004 -26"><span class='ocrx_word' id='word_1_37' title='bbox 87 815 160 876; x_wconf 84' lang='lat' dir='ltr'><strong>tera</strong></span> <span class='ocrx_word' id='word_1_38' title='bbox 181 814 204 876; x_wconf 91' lang='lat' dir='ltr'><strong>t.</strong></span> <span class='ocrx_word' id='word_1_39' title='bbox 229 834 257 876; x_wconf 90' lang='lat' dir='ltr'><strong>a.</strong></span> <span class='ocrx_word' id='word_1_40' title='bbox 281 835 309 878; x_wconf 85' lang='lat' dir='ltr'><strong>a</strong></span> <span class='ocrx_word' id='word_1_41' title='bbox 332 811 370 879; x_wconf 65' lang='lat' dir='ltr'><strong>c?</strong></span> <span class='ocrx_word' id='word_1_42' title='bbox 407 813 579 878; x_wconf 91' lang='lat' dir='ltr'><strong>Postrema</strong></span> <span class='ocrx_word' id='word_1_43' title='bbox 602 813 662 896; x_wconf 88' lang='lat' dir='ltr'><strong>his,</strong></span> <span class='ocrx_word' id='word_1_44' title='bbox 685 817 722 878; x_wconf 90' lang='lat' dir='ltr'><strong>ut</strong></span> <span class='ocrx_word' id='word_1_45' title='bbox 745 816 795 878; x_wconf 88' lang='lat' dir='ltr'><strong>est</strong></span> <span class='ocrx_word' id='word_1_46' title='bbox 819 814 853 878; x_wconf 89' lang='lat' dir='ltr'><strong>iu</strong></span> <span class='ocrx_word' id='word_1_47' title='bbox 876 814 1059 898; x_wconf 87' lang='lat' dir='ltr'><strong>proverbio,</strong></span> <span class='ocrx_word' id='word_1_48' title='bbox 1082 813 1234 899; x_wconf 92' lang='lat' dir='ltr'><strong>colopho·</strong></span> 
     </span>
     <span class='ocr_line' id='line_1_6' title="bbox 86 917 1236 1007; baseline 0.003 -24"><span class='ocrx_word' id='word_1_49' title='bbox 86 940 163 983; x_wconf 93' lang='lat' dir='ltr'><strong>nem</strong></span> <span class='ocrx_word' id='word_1_50' title='bbox 181 917 280 985; x_wconf 87' lang='lat' dir='ltr'><strong>addat</strong></span> <span class='ocrx_word' id='word_1_51' title='bbox 293 919 419 986; x_wconf 86' lang='lat' dir='ltr'><strong>Phoeas</strong></span> <span class='ocrx_word' id='word_1_52' title='bbox 439 921 478 985; x_wconf 89' lang='lat' dir='ltr'><strong>de</strong></span> <span class='ocrx_word' id='word_1_53' title='bbox 497 922 695 1006; x_wconf 73' lang='lat' dir='ltr'>aspiratione</span> <span class='ocrx_word' id='word_1_54' title='bbox 710 946 740 1007; x_wconf 93' lang='lat' dir='ltr'><strong>p.</strong></span> <span class='ocrx_word' id='word_1_55' title='bbox 758 920 844 987; x_wconf 82' lang='grc'>1724</span> <span class='ocrx_word' id='word_1_56' title='bbox 861 923 948 1006; x_wconf 83' lang='lat'><strong>[440,</strong></span> <span class='ocrx_word' id='word_1_57' title='bbox 963 922 1007 986; x_wconf 89' lang='grc'><strong>42</strong></span> <span class='ocrx_word' id='word_1_58' title='bbox 1021 921 1089 1002; x_wconf 81' lang='grc' dir='ltr'><strong>Κ.];</strong></span> <span class='ocrx_word' id='word_1_59' title='bbox 1114 919 1236 986; x_wconf 76' lang='lat' dir='ltr'><strong>‘omnia</strong></span> 
     </span>
     <span class='ocr_line' id='line_1_7' title="bbox 87 1026 1236 1114; baseline 0.003 -24"><span class='ocrx_word' id='word_1_60' title='bbox 87 1048 171 1112; x_wconf 89' lang='lat' dir='ltr'><strong>quae</strong></span> <span class='ocrx_word' id='word_1_61' title='bbox 202 1047 245 1090; x_wconf 84' lang='lat' dir='ltr'><strong>ou</strong></span> <span class='ocrx_word' id='word_1_62' title='bbox 277 1026 516 1114; x_wconf 78' lang='lat' dir='ltr'><strong>diphthongum</strong></span> <span class='ocrx_word' id='word_1_63' title='bbox 549 1029 584 1093; x_wconf 91' lang='lat' dir='ltr'><strong>in</strong></span> <span class='ocrx_word' id='word_1_64' title='bbox 616 1029 721 1113; x_wconf 88' lang='lat' dir='ltr'><strong>prima</strong></span> <span class='ocrx_word' id='word_1_65' title='bbox 754 1029 880 1114; x_wconf 81' lang='lat' dir='ltr'><strong>syllaba</strong></span> <span class='ocrx_word' id='word_1_66' title='bbox 911 1027 1091 1111; x_wconf 86' lang='lat' dir='ltr'><strong>habebunt,</strong></span> <span class='ocrx_word' id='word_1_67' title='bbox 1123 1027 1236 1094; x_wconf 77' lang='lat' dir='ltr'><strong>dasian</strong></span> 
     </span>
     <span class='ocr_line' id='line_1_8' title="bbox 87 1134 1235 1221; baseline 0.003 -24"><span class='ocrx_word' id='word_1_68' title='bbox 87 1136 281 1218; x_wconf 87' lang='lat' dir='ltr'><strong>respuerunt</strong></span> <span class='ocrx_word' id='word_1_69' title='bbox 299 1137 336 1197; x_wconf 91' lang='lat' dir='ltr'><strong>ut</strong></span> <span class='ocrx_word' id='word_1_70' title='bbox 354 1135 469 1200; x_wconf 41' lang='lat' dir='ltr'><strong>asanaa.</strong></span> <span class='ocrx_word' id='word_1_71' title='bbox 493 1134 699 1221; x_wconf 89' lang='lat' dir='ltr'><strong>designatum</strong></span> <span class='ocrx_word' id='word_1_72' title='bbox 719 1139 770 1201; x_wconf 89' lang='lat' dir='ltr'><strong>est</strong></span> <span class='ocrx_word' id='word_1_73' title='bbox 787 1135 885 1201; x_wconf 78' lang='lat' dir='ltr'><strong>baud:</strong></span> <span class='ocrx_word' id='word_1_74' title='bbox 904 1134 989 1201; x_wconf 85' lang='lat' dir='ltr'><strong>unda</strong></span> <span class='ocrx_word' id='word_1_75' title='bbox 1007 1135 1132 1202; x_wconf 71' lang='lat' dir='ltr'><strong>burseio</strong></span> <span class='ocrx_word' id='word_1_76' title='bbox 1150 1157 1235 1201; x_wconf 92' lang='lat' dir='ltr'><strong>com·</strong></span> 
     </span>
     <span class='ocr_line' id='line_1_9' title="bbox 88 1241 1235 1330; baseline 0.003 -24"><span class='ocrx_word' id='word_1_77' title='bbox 88 1242 232 1325; x_wconf 91' lang='lat' dir='ltr'><strong>positum</strong></span> <span class='ocrx_word' id='word_1_78' title='bbox 262 1241 419 1326; x_wconf 92' lang='lat' dir='ltr'><strong>simplicis</strong></span> <span class='ocrx_word' id='word_1_79' title='bbox 449 1242 583 1309; x_wconf 87' lang='lat' dir='ltr'><strong>habebit</strong></span> <span class='ocrx_word' id='word_1_80' title='bbox 614 1243 829 1328; x_wconf 66' lang='lat' dir='ltr'><strong>scripturam?</strong></span> <span class='ocrx_word' id='word_1_81' title='bbox 875 1243 987 1309; x_wconf 83' lang='lat' dir='ltr'><strong>Fluxit</strong></span> <span class='ocrx_word' id='word_1_82' title='bbox 1016 1244 1077 1309; x_wconf 84' lang='lat' dir='ltr'><strong>hoc</strong></span> <span class='ocrx_word' id='word_1_83' title='bbox 1107 1265 1235 1330; x_wconf 89' lang='lat' dir='ltr'><strong>quoque</strong></span> 
     </span>
     <span class='ocr_line' id='line_1_10' title="bbox 87 1349 1238 1437; baseline 0.005 -25"><span class='ocrx_word' id='word_1_84' title='bbox 87 1370 105 1412; x_wconf 92' lang='lat' dir='ltr'><strong>e</strong></span> <span class='ocrx_word' id='word_1_85' title='bbox 130 1349 271 1434; x_wconf 84' lang='lat' dir='ltr'><strong>genuino</strong></span> <span class='ocrx_word' id='word_1_86' title='bbox 300 1350 390 1415; x_wconf 86' lang='lat' dir='ltr'><strong>fonte</strong></span> <span class='ocrx_word' id='word_1_87' title='bbox 420 1351 570 1437; x_wconf 75' lang='lat' dir='ltr'><strong>antiquae</strong></span> <span class='ocrx_word' id='word_1_88' title='bbox 599 1352 777 1437; x_wconf 84' lang='lat' dir='ltr'><strong>doctrinas,</strong></span> <span class='ocrx_word' id='word_1_89' title='bbox 804 1353 868 1417; x_wconf 92' lang='lat' dir='ltr'><strong>nisi</strong></span> <span class='ocrx_word' id='word_1_90' title='bbox 892 1352 1067 1437; x_wconf 90' lang='lat' dir='ltr'><strong>quodnon</strong></span> <span class='ocrx_word' id='word_1_91' title='bbox 1091 1352 1238 1418; x_wconf 76' lang='lat' dir='ltr'><strong>artaud</strong></span> 
     </span>
     <span class='ocr_line' id='line_1_11' title="bbox 87 1457 1293 1546; baseline 0.002 -26"><span class='ocrx_word' id='word_1_92' title='bbox 87 1458 214 1541; x_wconf 73' lang='lat' dir='ltr'><strong>etacio,</strong></span> <span class='ocrx_word' id='word_1_93' title='bbox 243 1457 299 1522; x_wconf 87' lang='lat' dir='ltr'><strong>sed</strong></span> <span class='ocrx_word' id='word_1_94' title='bbox 323 1479 360 1522; x_wconf 87' lang='lat' dir='ltr'><strong>ex</strong></span> <span class='ocrx_word' id='word_1_95' title='bbox 385 1457 446 1524; x_wconf 93' lang='lat' dir='ltr'><strong>hoc</strong></span> <span class='ocrx_word' id='word_1_96' title='bbox 469 1461 501 1523; x_wconf 88' lang='lat' dir='ltr'><strong>et</strong></span> <span class='ocrx_word' id='word_1_97' title='bbox 524 1458 588 1524; x_wconf 80' lang='lat' dir='ltr'><strong>tau</strong></span> <span class='ocrx_word' id='word_1_98' title='bbox 610 1459 762 1543; x_wconf 91' lang='lat' dir='ltr'><strong>componi</strong></span> <span class='ocrx_word' id='word_1_99' title='bbox 784 1458 936 1525; x_wconf 79' lang='lat' dir='ltr'><strong>bausoio</strong></span> <span class='ocrx_word' id='word_1_100' title='bbox 959 1460 1106 1546; x_wconf 83' lang='lat' dir='ltr'><strong>fugiebat</strong></span> <span class='ocrx_word' id='word_1_101' title='bbox 1131 1481 1235 1545; x_wconf 88' lang='lat' dir='ltr'><strong>gram·</strong></span> <span class='ocrx_word' id='word_1_102' title='bbox 1250 1481 1293 1523; x_wconf 86' lang='lat' dir='ltr'><strong>ou</strong></span> 
     </span>
     <span class='ocr_line' id='line_1_12' title="bbox 85 1562 1235 1652; baseline 0.003 -24"><span class='ocrx_word' id='word_1_103' title='bbox 85 1565 250 1631; x_wconf 89' lang='lat' dir='ltr'><strong>maticum.</strong></span> <span class='ocrx_word' id='word_1_104' title='bbox 301 1562 363 1630; x_wconf 83' lang='lat' dir='ltr'><strong>Sed</strong></span> <span class='ocrx_word' id='word_1_105' title='bbox 393 1566 432 1631; x_wconf 89' lang='lat' dir='ltr'><strong>de</strong></span> <span class='ocrx_word' id='word_1_106' title='bbox 461 1567 522 1633; x_wconf 91' lang='lat' dir='ltr'><strong>tali</strong></span> <span class='ocrx_word' id='word_1_107' title='bbox 552 1567 733 1651; x_wconf 90' lang='lat' dir='ltr'><strong>composito</strong></span> <span class='ocrx_word' id='word_1_108' title='bbox 763 1566 1013 1652; x_wconf 83' lang='lat' dir='ltr'><strong>haudquaquam</strong></span> <span class='ocrx_word' id='word_1_109' title='bbox 1047 1589 1119 1633; x_wconf 85' lang='lat' dir='ltr'><strong>aum</strong></span> <span class='ocrx_word' id='word_1_110' title='bbox 1150 1589 1235 1632; x_wconf 90' lang='lat' dir='ltr'><strong>som·</strong></span> 
     </span>
     <span class='ocr_line' id='line_1_13' title="bbox 85 1671 1235 1757; baseline 0.003 -23"><span class='ocrx_word' id='word_1_111' title='bbox 85 1671 203 1755; x_wconf 87' lang='lat' dir='ltr'><strong>niasse,</strong></span> <span class='ocrx_word' id='word_1_112' title='bbox 227 1672 421 1739; x_wconf 81' lang='lat' dir='ltr'><strong>documento</strong></span> <span class='ocrx_word' id='word_1_113' title='bbox 445 1677 496 1738; x_wconf 89' lang='lat' dir='ltr'><strong>est</strong></span> <span class='ocrx_word' id='word_1_114' title='bbox 518 1672 744 1739; x_wconf 89' lang='lat' dir='ltr'><strong>Palatinorum</strong></span> <span class='ocrx_word' id='word_1_115' title='bbox 767 1675 802 1739; x_wconf 92' lang='lat' dir='ltr'><strong>in</strong></span> <span class='ocrx_word' id='word_1_116' title='bbox 820 1672 1041 1741; x_wconf 85' lang='lat' dir='ltr'><strong>Mostellariaa</strong></span> <span class='ocrx_word' id='word_1_117' title='bbox 1064 1696 1159 1739; x_wconf 87' lang='lat' dir='ltr'><strong>versu</strong></span> <span class='ocrx_word' id='word_1_118' title='bbox 1178 1673 1235 1757; x_wconf 86' lang='lat'>111,</span> 
     </span>
     <span class='ocr_line' id='line_1_14' title="bbox 85 1777 1233 1867; baseline 0.003 -24"><span class='ocrx_word' id='word_1_119' title='bbox 85 1779 116 1860; x_wconf 80' lang='lat'><strong>2,</strong></span> <span class='ocrx_word' id='word_1_120' title='bbox 135 1779 178 1843; x_wconf 90' lang='grc'><strong>96</strong></span> <span class='ocrx_word' id='word_1_121' title='bbox 199 1780 359 1865; x_wconf 88' lang='lat' dir='ltr'><strong>scriptura</strong></span> <span class='ocrx_word' id='word_1_122' title='bbox 376 1780 499 1861; x_wconf 72' lang='lat' dir='ltr'><strong>haustro</strong></span> <span class='ocrx_word' id='word_1_123' title='bbox 523 1777 589 1867; x_wconf 86' lang='lat' dir='ltr'><strong>(cui</strong></span> <span class='ocrx_word' id='word_1_124' title='bbox 612 1783 790 1848; x_wconf 84' lang='lat' dir='ltr'><strong>recentiore</strong></span> <span class='ocrx_word' id='word_1_125' title='bbox 814 1805 912 1847; x_wconf 90' lang='lat' dir='ltr'><strong>manu</strong></span> <span class='ocrx_word' id='word_1_126' title='bbox 936 1782 1189 1867; x_wconf 84' lang='lat' dir='ltr'><strong>superscriptum</strong></span> <span class='ocrx_word' id='word_1_127' title='bbox 1208 1779 1233 1865; x_wconf 78' lang='lat' dir='ltr'><strong>t)</strong></span> 
     </span>
     <span class='ocr_line' id='line_1_15' title="bbox 85 1884 1235 1979; baseline 0.002 -30"><span class='ocrx_word' id='word_1_128' title='bbox 85 1885 120 1950; x_wconf 89' lang='lat' dir='ltr'><strong>in</strong></span> <span class='ocrx_word' id='word_1_129' title='bbox 144 1884 187 1969; x_wconf 86' lang='lat' dir='ltr'><strong>B,</strong></span> <span class='ocrx_word' id='word_1_130' title='bbox 213 1887 335 1970; x_wconf 72' lang='lat' dir='ltr'><strong>tausdo</strong></span> <span class='ocrx_word' id='word_1_131' title='bbox 359 1887 448 1979; x_wconf 66' lang='lat' dir='ltr'><strong>infl.</strong></span> <span class='ocrx_word' id='word_1_132' title='bbox 494 1886 646 1955; x_wconf 80' lang='lat' dir='ltr'><strong>Ceterum</strong></span> <span class='ocrx_word' id='word_1_133' title='bbox 675 1893 773 1956; x_wconf 86' lang='lat' dir='ltr'><strong>etiam</strong></span> <span class='ocrx_word' id='word_1_134' title='bbox 797 1889 947 1971; x_wconf 75' lang='lat' dir='ltr'><strong>toufems</strong></span> <span class='ocrx_word' id='word_1_135' title='bbox 967 1889 1102 1956; x_wconf 89' lang='lat' dir='ltr'><strong>Poenuli</strong></span> <span class='ocrx_word' id='word_1_136' title='bbox 1125 1887 1182 1973; x_wconf 86' lang='lat' dir='ltr'><strong>IV,</strong></span> <span class='ocrx_word' id='word_1_137' title='bbox 1205 1888 1235 1973; x_wconf 80' lang='lat'><strong>2,</strong></span> 
     </span>
     <span class='ocr_line' id='line_1_16' title="bbox 90 1994 360 2062; baseline 0.011 -3"><span class='ocrx_word' id='word_1_138' title='bbox 90 1994 130 2059; x_wconf 87' lang='lat'><strong>13</strong></span> <span class='ocrx_word' id='word_1_139' title='bbox 153 1994 187 2059; x_wconf 91' lang='lat' dir='ltr'><strong><em>B</em></strong></span> <span class='ocrx_word' id='word_1_140' title='bbox 210 1997 360 2062; x_wconf 79' lang='lat' dir='ltr'><strong>servavit.</strong></span> 
     </span>
    </p>

    <p class='ocr_par' dir='ltr' id='par_1_3' title="bbox 86 2100 1342 4014">
     <span class='ocr_line' id='line_1_17' title="bbox 175 2100 1235 2188; baseline 0.002 -22"><span class='ocrx_word' id='word_1_141' title='bbox 175 2100 358 2169; x_wconf 88' lang='lat' dir='ltr'>Molliorem</span> <span class='ocrx_word' id='word_1_142' title='bbox 383 2127 456 2170; x_wconf 89' lang='lat' dir='ltr'><strong>cum</strong></span> <span class='ocrx_word' id='word_1_143' title='bbox 479 2105 607 2172; x_wconf 89' lang='lat' dir='ltr'><strong>duriore</strong></span> <span class='ocrx_word' id='word_1_144' title='bbox 632 2128 712 2172; x_wconf 92' lang='lat' dir='ltr'><strong>sono</strong></span> <span class='ocrx_word' id='word_1_145' title='bbox 731 2107 855 2171; x_wconf 82' lang='lat' dir='ltr'><strong>mutavi</strong></span> <span class='ocrx_word' id='word_1_146' title='bbox 874 2106 973 2171; x_wconf 90' lang='lat' dir='ltr'><strong>etiam</strong></span> <span class='ocrx_word' id='word_1_147' title='bbox 991 2106 1026 2171; x_wconf 90' lang='lat' dir='ltr'><strong>in</strong></span> <span class='ocrx_word' id='word_1_148' title='bbox 1043 2104 1235 2188; x_wconf 75' lang='lat' dir='ltr'><strong>poplicus,</strong></span> 
     </span>
     <span class='ocr_line' id='line_1_18' title="bbox 86 2208 1235 2299; baseline 0.002 -26"><span class='ocrx_word' id='word_1_149' title='bbox 86 2209 119 2273; x_wconf 92' lang='lat' dir='ltr'><strong>id</strong></span> <span class='ocrx_word' id='word_1_150' title='bbox 147 2208 203 2274; x_wconf 91' lang='lat' dir='ltr'><strong>ubi</strong></span> <span class='ocrx_word' id='word_1_151' title='bbox 225 2210 302 2275; x_wconf 88' lang='lat' dir='ltr'>libri</span> <span class='ocrx_word' id='word_1_152' title='bbox 327 2211 492 2296; x_wconf 85' lang='lat' dir='ltr'><strong>offerrent,</strong></span> <span class='ocrx_word' id='word_1_153' title='bbox 520 2216 557 2279; x_wconf 92' lang='lat' dir='ltr'><strong>ut</strong></span> <span class='ocrx_word' id='word_1_154' title='bbox 579 2236 607 2278; x_wconf 82' lang='lat' dir='ltr'><strong>v.</strong></span> <span class='ocrx_word' id='word_1_155' title='bbox 631 2213 706 2279; x_wconf 88' lang='grc'>286.</span> <span class='ocrx_word' id='word_1_156' title='bbox 733 2213 827 2298; x_wconf 80' lang='grc'><strong>1057,</strong></span> <span class='ocrx_word' id='word_1_157' title='bbox 854 2235 918 2299; x_wconf 91' lang='lat' dir='ltr'><strong>quo</strong></span> <span class='ocrx_word' id='word_1_158' title='bbox 941 2235 1035 2279; x_wconf 87' lang='lat' dir='ltr'><strong>versu</strong></span> <span class='ocrx_word' id='word_1_159' title='bbox 1059 2212 1177 2277; x_wconf 90' lang='lat' dir='ltr'><strong>mirum</strong></span> <span class='ocrx_word' id='word_1_160' title='bbox 1200 2210 1235 2275; x_wconf 91' lang='lat' dir='ltr'><strong>in</strong></span> 
     </span>
     <span class='ocr_line' id='line_1_19' title="bbox 88 2314 1236 2406; baseline 0.002 -27"><span class='ocrx_word' id='word_1_161' title='bbox 88 2314 122 2379; x_wconf 93' lang='lat' dir='ltr'><em>B</em></span> <span class='ocrx_word' id='word_1_162' title='bbox 139 2316 273 2398; x_wconf 72' lang='lat' dir='ltr'><strong>pollicis</strong></span> <span class='ocrx_word' id='word_1_163' title='bbox 288 2319 386 2384; x_wconf 83' lang='lat' dir='ltr'><strong>scribi</strong></span> <span class='ocrx_word' id='word_1_164' title='bbox 409 2324 447 2385; x_wconf 90' lang='lat' dir='ltr'><strong>ut</strong></span> <span class='ocrx_word' id='word_1_165' title='bbox 470 2321 520 2385; x_wconf 90' lang='lat' dir='ltr'><strong>bis</strong></span> <span class='ocrx_word' id='word_1_166' title='bbox 544 2324 712 2404; x_wconf 82' lang='lat' dir='ltr'><strong>praeterea</strong></span> <span class='ocrx_word' id='word_1_167' title='bbox 734 2344 763 2385; x_wconf 82' lang='lat' dir='ltr'><strong>v.</strong></span> <span class='ocrx_word' id='word_1_168' title='bbox 790 2320 884 2385; x_wconf 82' lang='lat'><strong>1044.</strong></span> <span class='ocrx_word' id='word_1_169' title='bbox 910 2317 1042 2406; x_wconf 83' lang='lat'><strong>1046.*)</strong></span> <span class='ocrx_word' id='word_1_170' title='bbox 1067 2354 1107 2365; x_wconf 93' lang='lat'>-</span> <span class='ocrx_word' id='word_1_171' title='bbox 1134 2318 1197 2382; x_wconf 90' lang='lat' dir='ltr'><strong>Pro</strong></span> <span class='ocrx_word' id='word_1_172' title='bbox 1220 2336 1236 2381; x_wconf 86' lang='lat' dir='ltr'><strong>o</strong></span> 
     </span>
     <span class='ocr_line' id='line_1_20' title="bbox 87 2421 1234 2512; baseline 0.003 -26"><span class='ocrx_word' id='word_1_173' title='bbox 87 2443 104 2486; x_wconf 89' lang='lat' dir='ltr'><strong>e</strong></span> <span class='ocrx_word' id='word_1_174' title='bbox 128 2421 219 2488; x_wconf 90' lang='lat' dir='ltr'><strong>libris</strong></span> <span class='ocrx_word' id='word_1_175' title='bbox 248 2425 488 2510; x_wconf 87' lang='lat' dir='ltr'><strong>suscipiendum</strong></span> <span class='ocrx_word' id='word_1_176' title='bbox 514 2448 536 2511; x_wconf 79' lang='lat' dir='ltr'><strong>p</strong></span> <span class='ocrx_word' id='word_1_177' title='bbox 559 2427 636 2492; x_wconf 84' lang='lat' dir='ltr'><strong>duxi</strong></span> <span class='ocrx_word' id='word_1_178' title='bbox 660 2428 694 2492; x_wconf 93' lang='lat' dir='ltr'><strong>in</strong></span> <span class='ocrx_word' id='word_1_179' title='bbox 717 2429 891 2512; x_wconf 74' lang='lat' dir='ltr'><strong>pampalia</strong></span> <span class='ocrx_word' id='word_1_180' title='bbox 913 2451 943 2493; x_wconf 82' lang='lat' dir='ltr'><strong>v.</strong></span> <span class='ocrx_word' id='word_1_181' title='bbox 969 2428 1063 2492; x_wconf 88' lang='lat'>1016.</span> <span class='ocrx_word' id='word_1_182' title='bbox 1108 2425 1147 2490; x_wconf 92' lang='lat' dir='ltr'><strong>ln</strong></span> <span class='ocrx_word' id='word_1_183' title='bbox 1170 2445 1234 2490; x_wconf 88' lang='lat' dir='ltr'><strong>ser·</strong></span> 
     </span>
     <span class='ocr_line' id='line_1_21' title="bbox 86 2527 1300 2623; baseline 0.002 -29"><span class='ocrx_word' id='word_1_184' title='bbox 86 2527 191 2594; x_wconf 87' lang='lat' dir='ltr'><strong>vando</strong></span> <span class='ocrx_word' id='word_1_185' title='bbox 216 2536 228 2594; x_wconf 83' lang='lat' dir='ltr'><strong>t</strong></span> <span class='ocrx_word' id='word_1_186' title='bbox 249 2553 308 2616; x_wconf 91' lang='lat' dir='ltr'><strong>pro</strong></span> <span class='ocrx_word' id='word_1_187' title='bbox 331 2553 355 2615; x_wconf 88' lang='lat' dir='ltr'><strong>c,</strong></span> <span class='ocrx_word' id='word_1_188' title='bbox 378 2536 415 2596; x_wconf 88' lang='lat' dir='ltr'><strong>ut</strong></span> <span class='ocrx_word' id='word_1_189' title='bbox 435 2533 470 2598; x_wconf 91' lang='lat' dir='ltr'><strong>in</strong></span> <span class='ocrx_word' id='word_1_190' title='bbox 487 2537 617 2600; x_wconf 81' lang='lat' dir='ltr'><strong>nuntius</strong></span> <span class='ocrx_word' id='word_1_191' title='bbox 632 2537 771 2617; x_wconf 80' lang='lat' dir='ltr'><strong>pretium</strong></span> <span class='ocrx_word' id='word_1_192' title='bbox 789 2537 951 2619; x_wconf 70' lang='lat' dir='ltr'><strong>capotium,</strong></span> <span class='ocrx_word' id='word_1_193' title='bbox 974 2533 1134 2599; x_wconf 81' lang='lat' dir='ltr'><strong>Palatinis</strong></span> <span class='ocrx_word' id='word_1_194' title='bbox 1153 2531 1235 2597; x_wconf 90' lang='lat' dir='ltr'><strong>mul·</strong></span> <span class='ocrx_word' id='word_1_195' title='bbox 1299 2620 1300 2623; x_wconf 8' lang='grc' dir='ltr'><strong>Ἴ</strong></span> 
     </span>
     <span class='ocr_line' id='line_1_22' title="bbox 86 2638 1236 2725; baseline 0.003 -25"><span class='ocrx_word' id='word_1_196' title='bbox 86 2640 159 2701; x_wconf 92' lang='lat' dir='ltr'><strong>tum</strong></span> <span class='ocrx_word' id='word_1_197' title='bbox 185 2642 331 2721; x_wconf 82' lang='lat' dir='ltr'><strong>praestat</strong></span> <span class='ocrx_word' id='word_1_198' title='bbox 360 2639 569 2706; x_wconf 82' lang='lat' dir='ltr'><strong>Ambrosiani</strong></span> <span class='ocrx_word' id='word_1_199' title='bbox 601 2641 786 2725; x_wconf 81' lang='lat' dir='ltr'><strong>diligentia:</strong></span> <span class='ocrx_word' id='word_1_200' title='bbox 819 2643 853 2707; x_wconf 94' lang='lat' dir='ltr'><strong>in</strong></span> <span class='ocrx_word' id='word_1_201' title='bbox 884 2642 1019 2707; x_wconf 75' lang='lat' dir='ltr'><strong>condicio</strong></span> <span class='ocrx_word' id='word_1_202' title='bbox 1052 2638 1236 2706; x_wconf 86' lang='lat' dir='ltr'><strong>consentire</strong></span> 
     </span>
     <span class='ocr_line' id='line_1_23' title="bbox 87 2744 1342 2831; baseline -0.001 -22"><span class='ocrx_word' id='word_1_203' title='bbox 87 2767 199 2810; x_wconf 90' lang='lat' dir='ltr'><strong>omnes</strong></span> <span class='ocrx_word' id='word_1_204' title='bbox 228 2746 343 2812; x_wconf 89' lang='lat' dir='ltr'><strong>solent.</strong></span> <span class='ocrx_word' id='word_1_205' title='bbox 374 2783 411 2793; x_wconf 87' lang='lat'><em>-</em></span> <span class='ocrx_word' id='word_1_206' title='bbox 443 2745 649 2815; x_wconf 87' lang='lat' dir='ltr'><strong>Geminatam</strong></span> <span class='ocrx_word' id='word_1_207' title='bbox 678 2752 911 2814; x_wconf 80' lang='lat' dir='ltr'><strong>consonantem</strong></span> <span class='ocrx_word' id='word_1_208' title='bbox 939 2771 1012 2814; x_wconf 87' lang='lat' dir='ltr'><strong>oum</strong></span> <span class='ocrx_word' id='word_1_209' title='bbox 1040 2748 1073 2812; x_wconf 88' lang='lat' dir='ltr'><strong><em>A</em></strong></span> <span class='ocrx_word' id='word_1_210' title='bbox 1100 2744 1236 2831; x_wconf 81' lang='lat' dir='ltr'><strong>probavi</strong></span> <span class='ocrx_word' id='word_1_211' title='bbox 1340 2784 1342 2787; x_wconf 94' lang='lat'><em>-</em></span> 
     </span>
     <span class='ocr_line' id='line_1_24' title="bbox 87 2851 1235 2941; baseline -0.002 -24"><span class='ocrx_word' id='word_1_212' title='bbox 87 2853 122 2917; x_wconf 90' lang='lat' dir='ltr'><strong>in</strong></span> <span class='ocrx_word' id='word_1_213' title='bbox 144 2873 340 2919; x_wconf 83' lang='lat' dir='ltr'><strong>comessum</strong></span> <span class='ocrx_word' id='word_1_214' title='bbox 363 2876 391 2921; x_wconf 86' lang='lat' dir='ltr'><strong>v.</strong></span> <span class='ocrx_word' id='word_1_215' title='bbox 415 2855 480 2919; x_wconf 86' lang='grc'><strong>406</strong></span> <span class='ocrx_word' id='word_1_216' title='bbox 500 2852 564 2940; x_wconf 87' lang='lat' dir='ltr'><strong>(oui</strong></span> <span class='ocrx_word' id='word_1_217' title='bbox 588 2875 766 2941; x_wconf 87' lang='lat' dir='ltr'><strong>congruum</strong></span> <span class='ocrx_word' id='word_1_218' title='bbox 786 2859 836 2920; x_wconf 90' lang='lat' dir='ltr'><strong>est</strong></span> <span class='ocrx_word' id='word_1_219' title='bbox 855 2855 932 2920; x_wconf 88' lang='lat' dir='ltr'><strong>alibi</strong></span> <span class='ocrx_word' id='word_1_220' title='bbox 951 2855 986 2919; x_wconf 91' lang='lat' dir='ltr'><strong>in</strong></span> <span class='ocrx_word' id='word_1_221' title='bbox 1004 2852 1117 2919; x_wconf 81' lang='lat' dir='ltr'><strong>eodem</strong></span> <span class='ocrx_word' id='word_1_222' title='bbox 1136 2851 1235 2935; x_wconf 88' lang='lat' dir='ltr'><strong>scrip-</strong></span> 
     </span>
     <span class='ocr_line' id='line_1_25' title="bbox 87 2958 1235 3046; baseline 0 -22"><span class='ocrx_word' id='word_1_223' title='bbox 87 2964 157 3025; x_wconf 90' lang='lat' dir='ltr'><strong>tum</strong></span> <span class='ocrx_word' id='word_1_224' title='bbox 187 2958 419 3046; x_wconf 74' lang='lat' dir='ltr'><strong>Essualo**))‚</strong></span> <span class='ocrx_word' id='word_1_225' title='bbox 450 2961 629 3046; x_wconf 83' lang='lat' dir='ltr'><strong>simplicem</strong></span> <span class='ocrx_word' id='word_1_226' title='bbox 653 2985 725 3027; x_wconf 89' lang='lat' dir='ltr'><strong>oum</strong></span> <span class='ocrx_word' id='word_1_227' title='bbox 758 2963 908 3028; x_wconf 89' lang='lat' dir='ltr'><strong>omnibus</strong></span> <span class='ocrx_word' id='word_1_228' title='bbox 941 2963 974 3026; x_wconf 92' lang='lat' dir='ltr'><strong>in</strong></span> <span class='ocrx_word' id='word_1_229' title='bbox 1002 2981 1104 3042; x_wconf 78' lang='lat' dir='ltr'><strong>causo,</strong></span> <span class='ocrx_word' id='word_1_230' title='bbox 1126 2958 1235 3043; x_wconf 83' lang='lat' dir='ltr'><strong>poulo,</strong></span> 
     </span>
     <span class='ocr_line' id='line_1_26' title="bbox 87 3066 1236 3157; baseline -0.003 -22"><span class='ocrx_word' id='word_1_231' title='bbox 87 3073 120 3135; x_wconf 90' lang='lat' dir='ltr'><strong>et</strong></span> <span class='ocrx_word' id='word_1_232' title='bbox 144 3071 229 3157; x_wconf 92' lang='lat' dir='ltr'><strong>quod</strong></span> <span class='ocrx_word' id='word_1_233' title='bbox 253 3073 406 3136; x_wconf 86' lang='lat' dir='ltr'><strong>constans</strong></span> <span class='ocrx_word' id='word_1_234' title='bbox 429 3070 464 3134; x_wconf 91' lang='lat' dir='ltr'><strong>in</strong></span> <span class='ocrx_word' id='word_1_235' title='bbox 486 3069 548 3134; x_wconf 92' lang='lat' dir='ltr'><strong>hoc</strong></span> <span class='ocrx_word' id='word_1_236' title='bbox 570 3069 728 3135; x_wconf 86' lang='lat' dir='ltr'><strong>librorum</strong></span> <span class='ocrx_word' id='word_1_237' title='bbox 753 3069 830 3135; x_wconf 89' lang='lat' dir='ltr'><strong>fides</strong></span> <span class='ocrx_word' id='word_1_238' title='bbox 862 3070 968 3135; x_wconf 88' lang='lat' dir='ltr'><strong>solum</strong></span> <span class='ocrx_word' id='word_1_239' title='bbox 996 3071 1119 3153; x_wconf 84' lang='lat' dir='ltr'><strong>tuetur,</strong></span> <span class='ocrx_word' id='word_1_240' title='bbox 1147 3066 1236 3132; x_wconf 78' lang='lat' dir='ltr'><strong>ilico</strong></span> 
     </span>
     <span class='ocr_line' id='line_1_27' title="bbox 87 3174 1235 3261; baseline -0.003 -20"><span class='ocrx_word' id='word_1_241' title='bbox 87 3200 147 3261; x_wconf 90' lang='lat' dir='ltr'><strong>pro</strong></span> <span class='ocrx_word' id='word_1_242' title='bbox 174 3178 355 3244; x_wconf 87' lang='lat' dir='ltr'><strong>reiectaneo</strong></span> <span class='ocrx_word' id='word_1_243' title='bbox 383 3176 474 3242; x_wconf 82' lang='lat' dir='ltr'><strong>illico.</strong></span> <span class='ocrx_word' id='word_1_244' title='bbox 521 3176 592 3253; x_wconf 82' lang='lat' dir='ltr'><strong>Quo</strong></span> <span class='ocrx_word' id='word_1_245' title='bbox 621 3177 763 3261; x_wconf 87' lang='lat' dir='ltr'><strong>pertinet</strong></span> <span class='ocrx_word' id='word_1_246' title='bbox 790 3177 824 3240; x_wconf 90' lang='lat' dir='ltr'><strong>in</strong></span> <span class='ocrx_word' id='word_1_247' title='bbox 848 3177 920 3242; x_wconf 88' lang='lat' dir='ltr'><strong>aliis</strong></span> <span class='ocrx_word' id='word_1_248' title='bbox 943 3176 1064 3241; x_wconf 88' lang='lat' dir='ltr'><strong>fabulis</strong></span> <span class='ocrx_word' id='word_1_249' title='bbox 1087 3174 1235 3260; x_wconf 85' lang='lat' dir='ltr'><strong>frequen·</strong></span> 
     </span>
     <span class='ocr_line' id='line_1_28' title="bbox 87 3283 1236 3368; baseline 0 -20"><span class='ocrx_word' id='word_1_250' title='bbox 87 3288 194 3350; x_wconf 87' lang='lat' dir='ltr'><strong>tatum</strong></span> <span class='ocrx_word' id='word_1_251' title='bbox 221 3286 344 3351; x_wconf 79' lang='lat' dir='ltr'><strong>uilicus.</strong></span> <span class='ocrx_word' id='word_1_252' title='bbox 394 3283 443 3350; x_wconf 92' lang='lat' dir='ltr'><strong>De</strong></span> <span class='ocrx_word' id='word_1_253' title='bbox 470 3285 578 3364; x_wconf 83' lang='lat' dir='ltr'><strong>immo,</strong></span> <span class='ocrx_word' id='word_1_254' title='bbox 606 3289 760 3368; x_wconf 79' lang='lat' dir='ltr'><strong>quattuor,</strong></span> <span class='ocrx_word' id='word_1_255' title='bbox 787 3284 939 3368; x_wconf 64' lang='lat' dir='ltr'><strong>Iupmtea</strong></span> <span class='ocrx_word' id='word_1_256' title='bbox 966 3284 1051 3350; x_wconf 81' lang='lat' dir='ltr'><strong>mille</strong></span> <span class='ocrx_word' id='word_1_257' title='bbox 1077 3287 1111 3348; x_wconf 87' lang='lat' dir='ltr'><strong>at</strong></span> <span class='ocrx_word' id='word_1_258' title='bbox 1137 3283 1236 3366; x_wconf 68' lang='lat' dir='ltr'><strong>milen,</strong></span> 
     </span>
     <span class='ocr_line' id='line_1_29' title="bbox 87 3389 1237 3478; baseline -0.001 -21"><span class='ocrx_word' id='word_1_259' title='bbox 87 3414 191 3458; x_wconf 82' lang='lat' dir='ltr'><strong>omnus</strong></span> <span class='ocrx_word' id='word_1_260' title='bbox 213 3396 247 3457; x_wconf 91' lang='lat' dir='ltr'><strong>et</strong></span> <span class='ocrx_word' id='word_1_261' title='bbox 269 3393 383 3458; x_wconf 77' lang='lat' dir='ltr'><strong>anulus</strong></span> <span class='ocrx_word' id='word_1_262' title='bbox 406 3391 448 3478; x_wconf 82' lang='lat' dir='ltr'><strong>(v.</strong></span> <span class='ocrx_word' id='word_1_263' title='bbox 470 3390 548 3477; x_wconf 75' lang='lat'>789)</span> <span class='ocrx_word' id='word_1_264' title='bbox 571 3392 606 3456; x_wconf 91' lang='lat' dir='ltr'><strong>in</strong></span> <span class='ocrx_word' id='word_1_265' title='bbox 629 3392 745 3478; x_wconf 83' lang='lat' dir='ltr'><strong>vulgus</strong></span> <span class='ocrx_word' id='word_1_266' title='bbox 769 3393 908 3457; x_wconf 86' lang='lat' dir='ltr'><strong>constat.</strong></span> <span class='ocrx_word' id='word_1_267' title='bbox 944 3389 1168 3457; x_wconf 89' lang='lat' dir='ltr'><strong>Vitiosissima</strong></span> <span class='ocrx_word' id='word_1_268' title='bbox 1186 3393 1237 3456; x_wconf 88' lang='lat' dir='ltr'><strong>est</strong></span> 
     </span>
     <span class='ocr_line' id='line_1_30' title="bbox 88 3496 1236 3586; baseline -0.004 -22"><span class='ocrx_word' id='word_1_269' title='bbox 88 3499 186 3566; x_wconf 80' lang='lat' dir='ltr'><strong>bioca</strong></span> <span class='ocrx_word' id='word_1_270' title='bbox 212 3499 347 3567; x_wconf 73' lang='lat' dir='ltr'><strong>duriore</strong></span> <span class='ocrx_word' id='word_1_271' title='bbox 374 3501 546 3586; x_wconf 84' lang='lat' dir='ltr'><strong>scriptura,</strong></span> <span class='ocrx_word' id='word_1_272' title='bbox 574 3499 613 3563; x_wconf 88' lang='lat' dir='ltr'><strong>de</strong></span> <span class='ocrx_word' id='word_1_273' title='bbox 637 3522 701 3583; x_wconf 90' lang='lat' dir='ltr'><strong>qua</strong></span> <span class='ocrx_word' id='word_1_274' title='bbox 724 3521 791 3565; x_wconf 89' lang='lat' dir='ltr'><strong>non</strong></span> <span class='ocrx_word' id='word_1_275' title='bbox 813 3499 947 3584; x_wconf 89' lang='lat' dir='ltr'><strong>indigna</strong></span> <span class='ocrx_word' id='word_1_276' title='bbox 970 3497 1133 3584; x_wconf 86' lang='lat' dir='ltr'><strong>explicatu</strong></span> <span class='ocrx_word' id='word_1_277' title='bbox 1156 3496 1236 3563; x_wconf 89' lang='lat' dir='ltr'><strong>alibi</strong></span> 
     </span>
     <span class='ocr_line' id='line_1_31' title="bbox 88 3604 1236 3694; baseline -0.004 -21"><span class='ocrx_word' id='word_1_278' title='bbox 88 3630 250 3693; x_wconf 91' lang='lat' dir='ltr'><strong>promam:</strong></span> <span class='ocrx_word' id='word_1_279' title='bbox 279 3610 418 3694; x_wconf 89' lang='lat' dir='ltr'><strong>amplius</strong></span> <span class='ocrx_word' id='word_1_280' title='bbox 446 3609 534 3673; x_wconf 90' lang='lat' dir='ltr'><strong>enim</strong></span> <span class='ocrx_word' id='word_1_281' title='bbox 561 3630 613 3673; x_wconf 89' lang='lat' dir='ltr'><strong>res</strong></span> <span class='ocrx_word' id='word_1_282' title='bbox 642 3607 785 3693; x_wconf 90' lang='lat' dir='ltr'><strong>spatium</strong></span> <span class='ocrx_word' id='word_1_283' title='bbox 812 3607 926 3692; x_wconf 89' lang='lat' dir='ltr'><strong>poscit.</strong></span> <span class='ocrx_word' id='word_1_284' title='bbox 950 3643 991 3652; x_wconf 77' lang='lat'>—</span> <span class='ocrx_word' id='word_1_285' title='bbox 1015 3604 1236 3690; x_wconf 80' lang='lat' dir='ltr'><strong>Elegantioris</strong></span> 
     </span>
     <span class='ocr_line' id='line_1_32' title="bbox 88 3712 1235 3795; baseline -0.003 -15"><span class='ocrx_word' id='word_1_286' title='bbox 88 3717 206 3781; x_wconf 89' lang='lat' dir='ltr'><strong>aetatis</strong></span> <span class='ocrx_word' id='word_1_287' title='bbox 222 3716 453 3782; x_wconf 85' lang='lat' dir='ltr'><strong>consuetudine</strong></span> <span class='ocrx_word' id='word_1_288' title='bbox 468 3716 604 3781; x_wconf 75' lang='lat' dir='ltr'><strong>nutritas</strong></span> <span class='ocrx_word' id='word_1_289' title='bbox 619 3716 747 3780; x_wconf 86' lang='lat' dir='ltr'><strong>litteras</strong></span> <span class='ocrx_word' id='word_1_290' title='bbox 762 3715 889 3779; x_wconf 86' lang='lat' dir='ltr'><strong>servavi</strong></span> <span class='ocrx_word' id='word_1_291' title='bbox 902 3713 937 3778; x_wconf 91' lang='lat' dir='ltr'><strong>in</strong></span> <span class='ocrx_word' id='word_1_292' title='bbox 960 3714 1108 3795; x_wconf 80' lang='lat' dir='ltr'><strong>quincto</strong></span> <span class='ocrx_word' id='word_1_293' title='bbox 1126 3735 1154 3776; x_wconf 91' lang='lat' dir='ltr'><strong>v.</strong></span> <span class='ocrx_word' id='word_1_294' title='bbox 1170 3712 1235 3777; x_wconf 87' lang='grc'><strong>524</strong></span> 
     </span>
     <span class='ocr_line' id='line_1_33' title="bbox 88 3820 1237 3911; baseline -0.004 -24"><span class='ocrx_word' id='word_1_295' title='bbox 88 3845 162 3888; x_wconf 89' lang='lat' dir='ltr'><strong>oum</strong></span> <span class='ocrx_word' id='word_1_296' title='bbox 185 3820 308 3911; x_wconf 80' lang='lat' dir='ltr'><strong>A***);</strong></span> <span class='ocrx_word' id='word_1_297' title='bbox 336 3846 410 3889; x_wconf 86' lang='lat' dir='ltr'><strong>cum</strong></span> <span class='ocrx_word' id='word_1_298' title='bbox 434 3822 548 3889; x_wconf 90' lang='lat' dir='ltr'><strong>eodem</strong></span> <span class='ocrx_word' id='word_1_299' title='bbox 571 3823 605 3887; x_wconf 92' lang='lat' dir='ltr'><strong>in</strong></span> <span class='ocrx_word' id='word_1_300' title='bbox 628 3823 767 3908; x_wconf 87' lang='lat' dir='ltr'><strong>disparis</strong></span> <span class='ocrx_word' id='word_1_301' title='bbox 791 3821 929 3887; x_wconf 88' lang='lat' dir='ltr'><strong>rationis</strong></span> <span class='ocrx_word' id='word_1_302' title='bbox 952 3820 1058 3886; x_wconf 89' lang='lat' dir='ltr'><strong>forma</strong></span> <span class='ocrx_word' id='word_1_303' title='bbox 1080 3824 1237 3884; x_wconf 78' lang='lat' dir='ltr'><strong>nanctus</strong></span> 
     </span>
     <span class='ocr_line' id='line_1_34' title="bbox 89 3926 1238 4014; baseline -0.003 -20"><span class='ocrx_word' id='word_1_304' title='bbox 89 3953 117 3995; x_wconf 87' lang='lat' dir='ltr'><strong>v.</strong></span> <span class='ocrx_word' id='word_1_305' title='bbox 141 3930 193 4014; x_wconf 87' lang='lat'><strong>63,</strong></span> <span class='ocrx_word' id='word_1_306' title='bbox 217 3930 269 3996; x_wconf 89' lang='lat' dir='ltr'><strong>oui</strong></span> <span class='ocrx_word' id='word_1_307' title='bbox 292 3931 485 3997; x_wconf 84' lang='lat' dir='ltr'><strong>conferenda</strong></span> <span class='ocrx_word' id='word_1_308' title='bbox 508 3929 628 3995; x_wconf 88' lang='lat' dir='ltr'><strong>ibidem</strong></span> <span class='ocrx_word' id='word_1_309' title='bbox 652 3928 817 4014; x_wconf 90' lang='lat' dir='ltr'><strong>proditum</strong></span> <span class='ocrx_word' id='word_1_310' title='bbox 840 3933 1033 4011; x_wconf 69' lang='lat' dir='ltr'><strong>corrumpier</strong></span> <span class='ocrx_word' id='word_1_311' title='bbox 1054 3950 1083 3992; x_wconf 82' lang='lat' dir='ltr'><strong>v.</strong></span> <span class='ocrx_word' id='word_1_312' title='bbox 1107 3927 1181 4010; x_wconf 81' lang='lat'><strong>240,</strong></span> <span class='ocrx_word' id='word_1_313' title='bbox 1203 3926 1238 3990; x_wconf 91' lang='lat' dir='ltr'><strong>in</strong></span> 
     </span>
    </p>
   </div>
   <div class='ocr_carea' id='block_1_3' title="bbox 88 4123 1236 4623">
    <p class='ocr_par' dir='ltr' id='par_1_4' title="bbox 164 4123 942 4287">
     <span class='ocr_line' id='line_1_35' title="bbox 181 4123 871 4196; baseline -0.007 -14"><span class='ocrx_word' id='word_1_314' title='bbox 181 4128 208 4195; x_wconf 73' lang='lat' dir='ltr'><strong>*l</strong></span> <span class='ocrx_word' id='word_1_315' title='bbox 227 4126 279 4196; x_wconf 80' lang='lat' dir='ltr'><strong>[Ol.</strong></span> <span class='ocrx_word' id='word_1_316' title='bbox 299 4125 401 4195; x_wconf 85' lang='lat' dir='ltr'><strong>Opnsc.</strong></span> <span class='ocrx_word' id='word_1_317' title='bbox 420 4124 490 4194; x_wconf 91' lang='lat' dir='ltr'><strong>phil.</strong></span> <span class='ocrx_word' id='word_1_318' title='bbox 509 4123 547 4178; x_wconf 87' lang='lat' dir='ltr'><strong>IV</strong></span> <span class='ocrx_word' id='word_1_319' title='bbox 566 4143 593 4193; x_wconf 91' lang='lat' dir='ltr'><strong>p.</strong></span> <span class='ocrx_word' id='word_1_320' title='bbox 614 4131 664 4179; x_wconf 75' lang='lat'><strong>123</strong></span> <span class='ocrx_word' id='word_1_321' title='bbox 675 4142 735 4193; x_wconf 86' lang='lat' dir='ltr'><strong>sqq.</strong></span> <span class='ocrx_word' id='word_1_322' title='bbox 757 4124 871 4192; x_wconf 81' lang='lat' dir='ltr'>161qu</span> 
     </span>
     <span class='ocr_line' id='line_1_36' title="bbox 164 4211 942 4287; baseline -0.008 -16"><span class='ocrx_word' id='word_1_323' title='bbox 164 4220 207 4287; x_wconf 82' lang='grc'><strong>**)</strong></span> <span class='ocrx_word' id='word_1_324' title='bbox 227 4216 279 4286; x_wconf 84' lang='lat' dir='ltr'><strong>[cf.</strong></span> <span class='ocrx_word' id='word_1_325' title='bbox 300 4215 399 4286; x_wconf 86' lang='lat' dir='ltr'><strong>Opnsc.</strong></span> <span class='ocrx_word' id='word_1_326' title='bbox 418 4214 486 4284; x_wconf 89' lang='lat' dir='ltr'><strong>phil.</strong></span> <span class='ocrx_word' id='word_1_327' title='bbox 507 4214 533 4267; x_wconf 90' lang='lat' dir='ltr'><strong>Il</strong></span> <span class='ocrx_word' id='word_1_328' title='bbox 551 4231 578 4283; x_wconf 92' lang='lat' dir='ltr'><strong>p.</strong></span> <span class='ocrx_word' id='word_1_329' title='bbox 599 4219 650 4268; x_wconf 77' lang='lat'><strong>545</strong></span> <span class='ocrx_word' id='word_1_330' title='bbox 670 4213 765 4267; x_wconf 88' lang='lat' dir='ltr'><strong>annot.</strong></span> <span class='ocrx_word' id='word_1_331' title='bbox 784 4211 823 4266; x_wconf 94' lang='lat' dir='ltr'><strong>III</strong></span> <span class='ocrx_word' id='word_1_332' title='bbox 841 4230 868 4282; x_wconf 91' lang='lat' dir='ltr'><strong>p.</strong></span> <span class='ocrx_word' id='word_1_333' title='bbox 888 4214 942 4281; x_wconf 71' lang='lat' dir='ltr'><strong>db]</strong></span> 
     </span>
    </p>

    <p class='ocr_par' dir='ltr' id='par_1_5' title="bbox 88 4299 1236 4555">
     <span class='ocr_line' id='line_1_37' title="bbox 145 4299 1236 4375; baseline -0.002 -17"><span class='ocrx_word' id='word_1_334' title='bbox 145 4306 206 4374; x_wconf 82' lang='grc'>***)</span> <span class='ocrx_word' id='word_1_335' title='bbox 230 4304 383 4375; x_wconf 80' lang='lat' dir='ltr'><strong>[‘quamris</strong></span> <span class='ocrx_word' id='word_1_336' title='bbox 411 4320 474 4360; x_wconf 86' lang='lat' dir='ltr'><strong>rara</strong></span> <span class='ocrx_word' id='word_1_337' title='bbox 498 4304 528 4358; x_wconf 89' lang='lat' dir='ltr'><strong>et</strong></span> <span class='ocrx_word' id='word_1_338' title='bbox 552 4303 670 4358; x_wconf 72' lang='lat' dir='ltr'><strong>fortasse</strong></span> <span class='ocrx_word' id='word_1_339' title='bbox 696 4301 846 4371; x_wconf 82' lang='lat' dir='ltr'><strong>singularis</strong></span> <span class='ocrx_word' id='word_1_340' title='bbox 875 4301 904 4355; x_wconf 88' lang='lat' dir='ltr'><strong>in</strong></span> <span class='ocrx_word' id='word_1_341' title='bbox 930 4301 992 4370; x_wconf 89' lang='lat' dir='ltr'><strong>ipso</strong></span> <span class='ocrx_word' id='word_1_342' title='bbox 1011 4316 1126 4356; x_wconf 87' lang='lat' dir='ltr'><strong>numero</strong></span> <span class='ocrx_word' id='word_1_343' title='bbox 1144 4315 1179 4356; x_wconf 87' lang='lat' dir='ltr'><strong>aa</strong></span> <span class='ocrx_word' id='word_1_344' title='bbox 1198 4299 1236 4356; x_wconf 84' lang='lat' dir='ltr'><strong>sit</strong></span> 
     </span>
     <span class='ocr_line' id='line_1_38' title="bbox 89 4389 1236 4467; baseline -0.003 -18"><span class='ocrx_word' id='word_1_345' title='bbox 89 4393 235 4464; x_wconf 83' lang='lat' dir='ltr'><strong>scriptura,</strong></span> <span class='ocrx_word' id='word_1_346' title='bbox 250 4393 285 4449; x_wconf 88' lang='lat' dir='ltr'><strong>da</strong></span> <span class='ocrx_word' id='word_1_347' title='bbox 300 4413 357 4465; x_wconf 90' lang='lat' dir='ltr'><strong>qua</strong></span> <span class='ocrx_word' id='word_1_348' title='bbox 371 4395 406 4451; x_wconf 83' lang='lat' dir='ltr'><strong>cf.</strong></span> <span class='ocrx_word' id='word_1_349' title='bbox 417 4410 489 4467; x_wconf 79' lang='lat' dir='ltr'><strong>quae</strong></span> <span class='ocrx_word' id='word_1_350' title='bbox 504 4393 562 4449; x_wconf 82' lang='lat' dir='ltr'><strong>dixi</strong></span> <span class='ocrx_word' id='word_1_351' title='bbox 576 4393 628 4448; x_wconf 71' lang='lat' dir='ltr'><strong>ude</strong></span> <span class='ocrx_word' id='word_1_352' title='bbox 642 4391 753 4447; x_wconf 75' lang='lat' dir='ltr'><strong>tesseris</strong></span> <span class='ocrx_word' id='word_1_353' title='bbox 764 4389 955 4460; x_wconf 79' lang='lat' dir='ltr'><strong>gladiatoriis»</strong></span> <span class='ocrx_word' id='word_1_354' title='bbox 971 4408 997 4460; x_wconf 91' lang='lat' dir='ltr'><strong>p.</strong></span> <span class='ocrx_word' id='word_1_355' title='bbox 1008 4390 1071 4444; x_wconf 77' lang='lat'>324²</span> <span class='ocrx_word' id='word_1_356' title='bbox 1084 4393 1129 4460; x_wconf 87' lang='lat'><strong>(=</strong></span> <span class='ocrx_word' id='word_1_357' title='bbox 1135 4389 1236 4459; x_wconf 80' lang='lat' dir='ltr'><strong>opusc.</strong></span> 
     </span>
     <span class='ocr_line' id='line_1_39' title="bbox 88 4481 481 4555; baseline 0.003 -18"><span class='ocrx_word' id='word_1_358' title='bbox 88 4481 158 4555; x_wconf 91' lang='lat' dir='ltr'><strong>phil.</strong></span> <span class='ocrx_word' id='word_1_359' title='bbox 178 4482 217 4538; x_wconf 91' lang='lat' dir='ltr'><strong>IV</strong></span> <span class='ocrx_word' id='word_1_360' title='bbox 236 4501 263 4553; x_wconf 92' lang='lat' dir='ltr'><strong>p.</strong></span> <span class='ocrx_word' id='word_1_361' title='bbox 283 4486 355 4553; x_wconf 78' lang='grc'>607).</span> <span class='ocrx_word' id='word_1_362' title='bbox 376 4481 481 4552; x_wconf 73' lang='grc' dir='ltr'>Τῐὶη.Ἷ</span> 
     </span>
    </p>

    <p class='ocr_par' dir='ltr' id='par_1_6' title="bbox 970 4567 1025 4623">
     <span class='ocr_line' id='line_1_40' title="bbox 970 4567 1025 4623; baseline -0.018 0"><span class='ocrx_word' id='word_1_363' title='bbox 970 4567 1025 4623; x_wconf 81' lang='lat'><strong>23*</strong></span> 
     </span>
    </p>
   </div>
   <div class='ocr_carea' id='block_1_4' title="bbox 0 0 1503 5004">
    <p class='ocr_par' dir='ltr' id='par_1_7' title="bbox 0 0 1503 5004">
     <span class='ocr_line' id='line_1_41' title="bbox 0 0 1503 5004; baseline 0 0"><span class='ocrx_word' id='word_1_364' title='bbox 0 0 1503 5004; x_wconf 95' lang='lat' dir='ltr'><strong> </strong></span> 
     </span>
    </p>
   </div>
  </div>
 </body>
</html>
