2986 5010
479 359 742 408 aununamorus
766 360 975 408 curvamus.
1233 343 1299 407 445

121 565 124 589 ,
155 504 298 570 evadere.
344 505 402 581 Eis
430 504 533 588 igitur
559 505 722 589 angustiis
750 508 787 568 ut
815 526 849 568 se
877 503 1080 588 expedirent,
1106 524 1179 568 cum
1203 504 1298 568 alter·

156 603 262 677 utram
286 612 447 677 rationem
471 615 636 696 oporteret
658 612 842 698 paullulum
866 612 977 676 cedere
1001 610 1105 695 alteri,
1128 630 1298 694 praeroga-

154 720 256 784 tivam
288 719 420 804 quidem
451 741 578 804 semper
608 719 781 784 voluerunt
813 719 1008 804 quantitatis
1041 739 1125 802 esse,
1158 717 1198 781 ad
1230 719 1299 782 eius
1310 743 1406 782 cerm

155 831 263 891 autem
282 827 501 891 constantiam
520 831 671 892 accentus
691 828 950 892 observationem
974 826 1159 891 modicam
1178 847 1300 891 accom-

154 933 335 1000 modarunt.

243 1040 402 1126 Exemplo
426 1063 495 1106 rem
520 1041 700 1107 declarabo
747 1039 833 1106 Nam
856 1042 1037 1106 cum⁸rati0
1061 1041 1167 1106 omnis
1191 1062 1300 1105 eccen-

154 1151 208 1212 tus
227 1149 322 1213 latini
340 1149 465 1214 duabus
484 1149 611 1236 legibus
630 1148 863 1233 principalibus
882 1148 933 1212 his
953 1149 1170 1213 contineatur:
1189 1146 1300 1230 altera,

155 1258 192 1318 ut
219 1277 301 1339 quae
335 1256 493 1321 vocabula
522 1254 792 1340 hyperdisyllaba
820 1255 1054 1339 paenultimam
1083 1255 1213 1339 longam
1244 1252 1300 1318 ha·

154 1361 254 1426 beant
276 1366 482 1447 paroxytona
506 1363 584 1445 sint,
607 1384 689 1446 quae
713 1362 859 1445 brevem,
882 1365 1160 1447 proparoxytona:
1189 1361 1300 1442 altera,

155 1472 192 1547 ut
215 1469 332 1533 ultima
354 1469 482 1554 syllaba
504 1470 677 1534 verborum
700 1469 982 1554 polysyllaborum
1010 1468 1228 1553 quorumlibet
1251 1490 1300 1532 ae-

154 1578 292 1659 centum,
312 1576 400 1640 utin
420 1576 534 1662 lingua
552 1576 723 1661 berytona,
741 1598 918 1660 numquam
933 1575 1082 1660 recipiat:
1102 1596 1300 1660 consequens

155 1681 218 1746 tuit
241 1687 290 1767 ut,
325 1682 411 1769 quod
435 1684 475 1748 ad
499 1688 666 1749 accentum
690 1684 822 1766 attinet,
854 1705 928 1749 vere
955 1682 1137 1748 iambicis
1166 1682 1300 1748 vocibus

154 1789 325 1872 bisyllabis
348 1787 406 1875 (or
427 1791 556 1856 etitem
573 1789 631 1876 υυ’)
653 1791 785 1856 omnino
810 1795 935 1856 careret
957 1790 1061 1856 latina
1083 1790 1205 1875 lingua
1235 1787 1300 1852 Ita-

155 1917 217 1978 que
240 1895 302 1960 hoc
321 1896 473 1962 licentiae
492 1902 617 1962 veteres
641 1896 690 1961 illi
715 1897 776 1961 sibi
801 1902 1010 1982 sumpserunt
1032 1899 1160 1981 praeter
1183 1901 1300 1979 cetera,

154 2007 191 2066 ut
223 2002 462 2087 bisyllaborum
494 2003 745 2083 vocabulorum,
779 2025 917 2087 quorum
950 2004 1058 2068 brevis
1090 2003 1300 2087 paenultima,

156 2129 368 2193 permagnam
404 2110 646 2174 multitudinem
683 2133 749 2176 non
787 2111 832 2176 sic
865 2111 1116 2195 pronuntiarent
1148 2120 1206 2195 ⁶7
1243 2109 1299 2174 sed

156 2221 269 2280 contra
300 2220 398 2302 atque
427 2218 481 2281 lex
512 2222 663 2281 accentus
693 2217 895 2301 postulabat,
929 2222 1080 2282 acuerent
1110 2219 1144 2281 in
1175 2217 1300 2299 ultima,

152 2323 236 2387 uidet
257 2322 413 2412 uideam)
460 2322 554 2399 Quod
577 2323 639 2387 nisi
662 2324 709 2387 ita
732 2324 959 2409 instituissent,
982 2347 1022 2388 ne
1045 2347 1146 2388 unum
1169 2325 1300 2409 quidem

154 2430 316 2494 senarium
339 2429 444 2494 facere
467 2429 652 2514 potuissent
681 2430 759 2515 quin
783 2452 856 2495 eum
880 2431 931 2495 vel
956 2431 1181 2515 monosyllabo
1205 2455 1299 2498 roca-

154 2537 230 2601 bulo
253 2537 467 2601 terminarent
489 2536 541 2601 vel
564 2536 828 2621 hyperdisyllabo
852 2539 937 2623 quod
961 2539 996 2602 in
1020 2540 1184 2622 dactylum
1207 2539 1297 2603 creti·

153 2644 267 2707 cumve
290 2642 460 2708 desineret.
507 2642 660 2707 Admisso
684 2649 793 2709 autem
816 2646 849 2709 in
878 2646 1026 2710 senarii
1051 2646 1196 2710 exitum
1220 2646 1298 2709 iam·

153 2749 226 2814 bico
246 2750 404 2815 vocabulo
427 2772 538 2814 rursus
562 2751 632 2835 pari
656 2752 791 2835 penuria
815 2759 912 2836 atque
935 2753 1038 2817 multo
1058 2753 1157 2817 etium
1177 2753 1299 2817 maiore
1314 2775 1385 2816 ccix

153 2856 319 2940 proximus
349 2863 424 2923 ante
455 2860 582 2921 sextum
612 2857 727 2941 pedem
758 2858 849 2922 locus
880 2859 1099 2943 premebatur:
1136 2880 1176 2923 ne
1200 2858 1300 2943 igitur

153 2963 230 3027 hinc
252 2971 359 3028 cetera
382 2967 511 3047 praeter
535 2963 762 3048 monosyllaba
784 2967 817 3028 et
840 2965 961 3029 cretica
983 2968 1017 3028 et
1039 2969 1126 3029 certa
1149 2965 1300 3049 hyperdi-

39 3136 41 3142 ,
154 3069 282 3154 syllaba
306 3071 463 3136 vocabula
486 3070 730 3134 excluderentur
753 3071 876 3154 omnia,
904 3093 942 3135 ex
970 3071 1101 3136 ultimi
1128 3071 1240 3154 pedis
1264 3072 1301 3134 li·

154 3179 260 3243 centia
278 3177 511 3242 consectarium
531 3199 599 3241 esse
618 3177 702 3241 banc
722 3177 860 3242 alteram
879 3178 1058 3262 voluerunt,
1080 3183 1118 3242 ut
1137 3179 1170 3242 in
1190 3198 1299 3262 paen·

154 3284 296 3348 ultimo
319 3285 390 3348 loco
414 3307 481 3349 non
505 3284 599 3350 modo
624 3284 701 3348 item
729 3285 883 3369 iambica,
908 3285 962 3349 sed
990 3285 1089 3349 etiam
1116 3285 1300 3369 spondiaco,

154 3392 374 3475 anapaestica,
407 3391 642 3475 choriambica,
675 3392 863 3475 molossica,
895 3393 1001 3457 ionica
1033 3393 1190 3457 vocabula
1220 3389 1300 3476 (una

259 3674 285 3742 ‘)
315 3673 399 3728 Cuius
428 3674 468 3729 rei
493 3691 620 3729 caussam
645 3674 713 3730 licet
738 3675 824 3730 etiam
849 3676 935 3730 altius
960 3678 1095 3746 repetere.
1137 3674 1210 3729 Nam
1237 3692 1299 3728 cum

154 3761 286 3817 cretica
304 3760 443 3818 vocabula
460 3763 567 3832 omnia,
587 3763 665 3819 cuius
684 3765 714 3818 in
733 3763 844 3834 vulgari
862 3765 1089 3834 pronuntiatione
1108 3782 1179 3819 unus
1198 3763 1300 3833 princi-

153 3849 226 3921 palis
246 3853 378 3906 accentus
396 3852 443 3906 hic
462 3855 506 3907 ert
523 3874 540 3905 r
554 3880 573 3905 υ
586 3897 616 3924 -,
635 3854 664 3908 in
683 3853 820 3908 iambicos
838 3855 1053 3924 trochaicosque
1067 3871 1163 3909 versus
1181 3870 1216 3907 ne
1235 3868 1300 3923 pos·

154 3943 218 3995 seut
241 3939 353 4008 quidem
378 3939 460 3996 aliter
483 3943 537 3997 nisi
556 3942 596 3996 sic
614 3943 719 3997 intrare
737 3946 769 3996 ut
787 3943 871 3997 simul
890 3943 991 3998 ultima
1009 3943 1132 4012 syllaba,
1161 3942 1239 3997 cuius
1258 3958 1299 3996 se·

153 4029 301 4085 candorius
323 4032 434 4084 tautum
457 4033 588 4085 accentus
611 4032 740 4099 quidam,
764 4032 816 4086 aab
840 4032 924 4087 araim
951 4032 1065 4086 caderet
1087 4031 1174 4101 priori
1197 4029 1300 4086 arciri

127 4173 131 4183 ,
152 4136 266 4188 prorsus
285 4135 382 4188 parem
401 4139 417 4171 r
431 4145 450 4171 o
463 4140 497 4172 r:
525 4118 555 4172 iu
578 4121 660 4174 tauta
678 4120 779 4174 borum
798 4119 979 4175 multitudiue
998 4137 1055 4175 non
1073 4122 1226 4191 potuerunt
1244 4136 1301 4174 non

153 4224 235 4262 aures
254 4208 338 4278 plane
357 4223 517 4263 assuescere
535 4207 710 4278 curatione,
729 4227 785 4278 qua
803 4209 916 4264 brevem
935 4209 1139 4280 paenultimam
1158 4208 1299 4279 excipiens

153 4297 240 4368 longa
258 4297 359 4352 ultima
378 4298 524 4352 accentum
544 4295 685 4367 reciperet
702 4300 813 4368 praeter
831 4296 987 4366 legitimam
1004 4296 1233 4352 consuetudinem
1248 4297 1298 4350 lin-

153 4402 234 4456 guae.
270 4386 344 4442 Hinc
366 4388 466 4458 igitur,
494 4404 578 4456 quam
601 4386 694 4443 lucilia
722 4387 800 4442 velut
822 4389 987 4456 apc'raidAt
1004 4387 1141 4457 perfiddm
1165 4388 1299 4442 transitus

153 4475 233 4533 lieret
250 4475 286 4532 ad
304 4477 381 4534 uidet
398 4478 486 4549 fidae,
505 4478 534 4532 et
552 4475 722 4548 perspicitur
739 4479 769 4534 et
787 4477 906 4533 sentitur
924 4476 1068 4534 facillime.
