2940 5004
249 331 313 397 502
536 347 799 397 racaaeeuena
824 347 870 393 na
894 347 1105 396 unrrcmsvs

249 493 561 576 p.cuxxx111[423]
586 496 619 555 66
642 508 771 556 ccxxrx
788 489 907 574 [463]).
930 491 1004 556 316.
1027 491 1102 555 366.
1127 490 1208 556 630.
1236 491 1314 555 696.
1339 492 1401 554 lla.

250 601 329 683 888,
352 599 431 664 item
455 597 572 664 Bacch.
596 599 649 664 35.
672 599 746 662 375.
772 598 845 663 685.
869 597 933 661 699
960 597 1025 678 [66.
1048 597 1125 661 408.
1154 598 1234 661 722.
1263 599 1355 680 7366

337 717 456 806 lltrum
480 743 663 807 itancesse
688 740 838 824 mauelit,
861 746 896 804 ut
917 761 986 805 6666
1010 740 1140 804 animus
1165 762 1312 826 aequom
1337 746 1399 807 ce'n·

1103 851 1187 912 seat.

338 955 388 1020 Ne
412 956 659 1042 aegritudinem,
682 959 784 1041 pater,
807 956 862 1020 tibi
886 957 1045 1039 parerem,
1068 955 1158 1039 persi
1185 956 1314 1022 sedulo.

99 1089 248 1129 ccaxxvrr
339 1062 437 1128 Vitae
457 1064 604 1148 agundae
624 1085 694 1128 esse
713 1064 848 1147 expetit:
871 1065 924 1128 sed
940 1063 989 1128 lic
1012 1063 1189 1128 admodum
1217 1064 1398 1129 adulescen-

1106 1171 1225 1235 tulust.

341 1278 432 1354 Qudd
456 1282 507 1342 666
529 1279 741 1361 facillumum,
764 1279 854 1343 facie.
903 1277 986 1358 Quid
1007 1279 1041 1342 id
1062 1278 1135 1343 est?
1177 1278 1302 1343 Amice
1326 1279 1396 1344 inid·

1105 1384 1199 1450 riam.

341 1492 454 1576 Ne'quc
478 1492 554 1556 uolo
578 1515 682 1577 neque
706 1492 836 1577 pdstulo
859 1513 954 1574 neque
977 1495 1105 1557 censeo:
1130 1498 1248 1557 uerum
1272 1498 1384 1558 tamen

342 1598 399 1664 Sin
422 1599 519 1663 aliter
541 1600 704 1663 animatus
728 1622 772 1682 cs,
794 1600 866 1664 6666
889 1600 974 1684 qudd
998 1584 1078 1684 agas
1101 1601 1237 1665 eueniat
1261 1601 1333 1665 tibi.

341 1686 403 1770 Est
426 1706 641 1771 minusculum
667 1707 813 1791 alterum,
836 1709 927 1789 quusi
949 1708 1112 1772 66666166
1138 1707 1315 1773 uincirium.

342 1812 515 1879 Penetrare
544 1813 728 1879 huiusmodi
757 1813 790 1878 in
819 1815 1033 1898 palaestram,
1064 1815 1118 1879 ubi
1147 1815 1279 1880 damnis
1310 1814 1391 1878 desu-

1058 1922 1264 2008 'descitum

342 2027 499 2111 Perdidit,
523 2029 744 2113 pessdmdedit
767 2029 823 2093 tac
845 2028 955 2094 filium
979 2029 1070 2094 unice
1093 2030 1238 2093 unicum.

341 2133 456 2199 Nescis
480 2135 557 2219 quid
581 2156 641 2220 ego
665 2140 795 2201 acturus
819 2136 890 2219 sim,
912 2157 1007 2218 neque
1024 2134 1149 2200 facinus
1171 2141 1334 2220 quantum
1352 2159 1395 2202 er·

1107 2242 1228 2306 drdiar.

342 2348 426 2426 Quia
449 2349 510 2413 tibi
535 2371 649 2414 aurum
672 2350 794 2415 re‘ddidi
819 2353 851 2414 66
872 2351 948 2432 quta
971 2352 1035 2415 ndu
1060 2353 1092 2412 66
1116 2348 1385 2432 defraudduerim

253 2515 317 2577 quo
350 2514 444 2556 versu
477 2513 628 2557 caesurae
661 2496 738 2577 post
769 2496 917 2579 quartam
952 2492 1051 2557 araim
1084 2493 1280 2557 statuendae
1309 2494 1395 2557 elisio

253 2600 382 2684 quidem
406 2622 471 2664 non
496 2600 601 2684 magis
626 2600 737 2664 obstat
760 2622 858 2685 quam
882 2599 1049 2684 legitimae
1068 2603 1143 2684 post
1161 2605 1320 2683 quartum
1338 2605 1395 2665 tro·

253 2708 387 2772 chaeum
411 2727 564 2771 caesurae
587 2707 633 2770 eis
657 2729 739 2791 quae
763 2730 862 2790 supra
884 2707 978 2790 posui
1002 2706 1172 2790 exemplis:
1195 2709 1274 2788 quia
1293 2713 1396 2772 autem

252 2814 434 2880 necessario
463 2836 536 2878 cum
566 2813 612 2877 eis
642 2836 723 2897 quae
752 2818 932 2899 sequuntur
955 2817 1005 2878 666
1027 2812 1240 2897 iungendum.
1287 2816 1395 2881 1666

253 2921 387 2985 cundem
406 2942 577 2985 numerum
597 2920 711 2985 referri
730 2924 877 3004 possunt,
899 2921 933 2984 in
953 2920 1069 3004 quibus
1088 2918 1223 2985 dubium
1245 2927 1296 2987 est
1316 2924 1397 3008 syni-

254 3029 351 3093 zesim
375 3049 475 3092 necne
499 3027 657 3112 recipiant
679 3049 747 3092 cam
769 3049 806 3091 66
827 3027 964 3110 formae,
987 3026 1075 3091 Trin.
1094 3050 1123 3092 v.
1138 3027 1213 3093 388.
1230 3030 1306 3095 652.
1321 3031 1395 3095 974:

344 3170 485 3234 Grauius
518 3173 610 3234 tuum
643 3170 705 3234 erit
736 3176 836 3235 unum
872 3172 1005 3235 uerbum
1034 3173 1078 3236 ad
1102 3173 1171 3235 eam
1202 3194 1273 3236 rem
1304 3197 1400 3258 quam

726 3282 854 3341 centum
878 3299 960 3342 mea.

345 3366 453 3467 dtque
481 3385 580 3449 istum
609 3405 669 3470 ego
698 3405 812 3469 agrum
841 3383 906 3450 tibi
930 3385 1069 3470 relinqui
1092 3385 1127 3449 ob
1150 3387 1218 3449 caim
1244 3409 1316 3452 rem
1339 3389 1401 3453 iam

727 3493 819 3556 enixe
845 3495 923 3573 [rma
947 3494 1056 3559 deniae
1079 3489 1194 3573 Triu.²]
1220 3496 1350 3578 expeto.

344 3596 450 3663 Nimis
475 3602 588 3684 argute
612 3621 663 3663 me
688 3598 862 3684 dbrepsisti
887 3601 921 3663 iu
944 3601 1036 3683 capse
1062 3600 1299 3666 occasiuncula.

255 3740 368 3826 Neque
392 3742 432 3804 ab
456 3741 516 3805 hac
540 3741 668 3824 quidem
691 3745 784 3824 parte
808 3742 979 3827 quicquam
1004 3741 1192 3807 offensionis
1216 3766 1246 3806 v.
1258 3746 1326 3809 679
1352 3747 1403 3810 ha·

256 3849 382 3915 biturus
406 3854 488 3915 erat:

344 3993 452 4057 Facile
471 3994 651 4058 inuentust:
671 3993 767 4063 dcitur
785 3994 880 4078 ignis,
899 3994 1064 4059 6666666666
1084 3992 1124 4056 ab
1144 3991 1280 4058 inimice
1301 4001 1405 4081 petas,

256 4157 350 4218 quem
383 4135 480 4220 longe
513 4137 612 4201 aliam
644 4138 686 4202 ob
716 4159 864 4202 caussam
896 4136 1065 4221 displicere
1094 4158 1192 4219 supra
1220 4137 1406 4222 significavi

256 4264 285 4323 p.
309 4258 492 4307 ccxxxvnl
517 4245 622 4325 {470}
669 4244 731 4308 Sed
761 4244 919 4329 quaedam
948 4266 1025 4308 sanc
1054 4242 1202 4325 exempla
1229 4243 1407 4311 fatendum

97 4355 319 4412 ccnxxvurest
341 4349 388 4413 ita
411 4355 600 4435 comparata
627 4373 697 4416 6666
725 4356 762 4415 66
790 4351 893 4416 thesis
923 4351 1083 4434 dactylica
1110 4372 1175 4415 666
1204 4352 1314 4433 possit
1339 4354 1408 4418 ullo

258 4454 353 4518 mode
383 4456 423 4521 ab
452 4458 498 4521 cis
529 4481 610 4542 quac
638 4458 836 4542 praecedunt
863 4458 981 4521 divelli.
1027 4455 1196 4521 Eiusmodi
1220 4455 1305 4522 haec
1330 4467 1409 4526 sunt
