2940 5004
242 338 308 403 w
532 351 1101 400 mmmmmmmm

243 500 386 566 debetur.
424 496 548 564 Ibidem
571 521 636 563 non
660 498 805 583 vitiosae,
828 499 884 563 sed
907 520 1001 563 rarae
1024 498 1121 562 huius
1145 496 1281 564 formae
1305 496 1398 566 v'wl!

243 607 391 692 exempla
410 606 520 671 attuli:
542 607 654 670 solitus
670 626 709 684 es,
728 606 828 670 salias
844 611 898 683 est,
920 606 956 671 in
974 606 1128 689 qualibus
1148 607 1398 690 monosyllabae

242 715 366 780 formae
393 734 455 779 esse
481 712 572 776 verbi
601 735 674 776 eum
704 711 888 795 praedicato
918 735 977 777 suo
1005 716 1175 796 tamquam
1207 714 1398 778 coalescunt

243 824 277 886 in
300 843 411 886 vocem
435 818 725 904 quadrisyllabum.
755 815 819 882 Sed
836 819 919 883 nihil
943 841 1074 902 prorsus
1098 820 1299 885 offensionis
1323 820 1396 883 haec

243 930 350 995 forma
376 927 664 1009 1555511ύν1υῡ,
698 928 731 990 15
760 949 824 1010 qua
852 926 1036 991 damnanda
1062 927 1186 991 nimius
1211 928 1294 992 olim
1319 925 1396 990 Her·

243 1058 382 1123 mannus
406 1034 469 1099 fuit
490 1033 591 1119 prael.
616 1033 704 1099 Trin.
728 1058 759 1118 p.
773 1053 842 1099 xvr.
879 1033 1058 1099 Persuadet
1080 1035 1271 1118 frequentia
1294 1056 1395 1098 erem·

245 1144 380 1227 plorum,
399 1148 435 1206 ut
449 1140 537 1205 'Prin
548 1142 588 1205 51
605 1142 679 1222 plus
696 1163 790 1223 quom
808 1141 958 1224 5955515,
982 1142 1024 1206 53
1042 1143 1167 1223 siquid
1183 1142 1269 1206 milri
1284 1142 1395 1217 5551151,

244 1251 310 1316 576
333 1253 379 1314 itu
401 1250 480 1327 5515,
503 1249 569 1313 585
591 1249 644 1312 aei
666 1250 763 1326 modo,
787 1248 853 1313 635
874 1271 969 1331 quum
991 1251 1043 1332 e'po
1065 1248 1153 1326 miti,
1178 1251 1247 1314 642
1267 1250 1392 1331 libitui,

245 1357 309 1421 668
333 1358 428 1438 nepae
449 1357 548 1433 uolut,
572 1356 637 1420 779
662 1378 776 1420 aarum
800 1358 855 1421 rui
876 1358 965 1435 dore,
988 1356 1106 1421 Bacch.
1130 1357 1174 1421 80
1200 1357 1395 1438 [11115551ιί

244 1465 375 1545 quidem,
400 1464 567 1545 116[147]
591 1464 666 1528 5555
687 1465 784 1529 mab:
808 1486 884 1528 nam
908 1465 950 1529 ib.
969 1464 1180 1544 v.104[135]
1205 1464 1297 1548 quod
1316 1462 1393 1527 Her·

245 1592 383 1634 mannus
414 1571 515 1635 edidit
542 1572 638 1653 ne'qrae
667 1572 737 1649 tibi,
769 1572 802 1636 id
831 1571 886 1636 nde
915 1572 971 1635 tibi
1001 1571 1206 1636 scribendum
1232 1578 1298 1656 est,
1331 1593 1391 1635 non

247 1682 358 1741 tamen
381 1677 479 1743 aliam
503 1678 545 1742 ob
569 1699 718 1742 caussam
737 1677 801 1742 nisi
820 1677 906 1762 quod
924 1677 987 1741 hoc
1001 1675 1105 1741 Vetus
1125 1677 1227 1742 codex
1247 1682 1390 1742 testatur.

244 1784 380 1849 Inutiles
404 1787 505 1870 igitur
528 1789 612 1869 sunt,
635 1807 717 1870 quae
739 1784 870 1848 illorum
888 1784 975 1868 parti
995 1783 1217 1867 exemplorum
1244 1786 1390 1849 mutatio·

246 1914 303 1956 nes
333 1897 410 1957 sunt
437 1893 611 1957 adhibitae.
657 1891 832 1976 Reliquum
859 1895 910 1955 est
938 1896 974 1954 ut
1002 1889 1108 1954 multo
1136 1891 1247 1956 minus
1271 1893 1390 1976 gratiae

246 2022 319 2064 eum
344 2022 495 2064 versuum
519 2000 640 2064 exitum
663 1999 783 2064 habere
808 2003 969 2081 annotem,
993 2019 1065 2061 oum
1090 1996 1176 2061 ultra
1198 2005 1391 2083 quartama

246 2108 311 2172 fine
335 2108 493 2191 syllabam
518 2129 556 2171 ea
575 2130 646 2191 vox,
669 2107 703 2170 in
723 2129 820 2190 quam
840 2106 947 2171 soluta
965 2106 1046 2171 arsis
1066 2106 1190 2190 incidit,
1213 2107 1392 2190 porrigitur

247 2218 284 2277 ut
307 2212 374 2276 Mil.
398 2213 428 2296 I,
455 2216 486 2298 1,
509 2215 565 2278 5οε
1165 2202 1167 2205 ’

380 2320 467 2384 Dum
491 2322 557 2385 tale
581 2321 693 2406 facies,
716 2322 811 2406 quale
836 2321 953 2405 adhuc,
976 2318 1111 2385 adsiduo
1136 2320 1224 2385 edes:

247 2428 296 2490 ita
318 2429 404 2491 enim
428 2429 473 2492 ibi
497 2429 701 2492 scribendum
725 2432 782 2493 est.

337 2531 457 2597 Verum
490 2539 599 2598 autem
631 2536 1035 2618 proceleusmaticum,
1067 2536 1124 2618 qui
1154 2557 1222 2600 non
1257 2537 1292 2599 in
1322 2557 1391 2599 con·

247 2640 333 2705 liniis
358 2641 495 2706 duorum
518 2641 636 2725 pedum
660 2643 785 2725 existit,
809 2641 864 2707 sed
888 2643 1053 2726 integrum
1078 2640 1194 2726 pedem
1218 2642 1391 2706 iambicum

88 2772 247 2812 cccxxxnr
261 2753 410 2832 occupat,
430 2749 570 2814 trimetri
593 2750 703 2814 nullus
727 2753 857 2833 praeter
880 2749 1030 2813 ultimum
1053 2747 1167 2831 pedem
1191 2749 1284 2813 locus
1304 2771 1393 2832 repu-

247 2856 364 2940 diavit,
395 2857 457 2922 hac
484 2858 594 2922 tamen
621 2879 722 2941 prope
750 2857 916 2922 constanti
943 2857 1130 2922 condicione
1159 2860 1196 2920 ut
1219 2856 1392 2920 verborum

247 2965 414 3028 ordinibus
447 2987 467 3028 a
499 2964 585 3028 binis
616 2964 778 3047 prioribus
810 2963 946 3047 syllabis
977 2964 1176 3047 posteriores
1205 2963 1304 3027 binae
1333 2963 1392 3027 dis·

247 3075 461 3154 peseerentur.
507 3069 593 3135 Nam
621 3071 776 3155 quoniam
805 3092 822 3133 e
846 3074 1002 3153 quattuor
1024 3070 1310 3153 proceleusmatici
1334 3071 1393 3153 ayl-

248 3177 333 3241 labis
357 3179 483 3242 acuitur
505 3178 613 3262 tertia,
637 3181 803 3242 accentum
829 3181 938 3241 autem
960 3198 1020 3241 nec
1044 3177 1160 3240 ultima
1179 3177 1311 3260 syllaba
1330 3177 1394 3241 ulla

248 3305 306 3347 nec
329 3285 608 3370 polysyllaborum
632 3285 739 3349 brevis
764 3285 964 3368 paenultima
988 3284 1117 3368 recipit,
1145 3284 1215 3347 fieri
1244 3308 1314 3349 non
1343 3307 1394 3369 po

248 3394 313 3453 test
336 3392 414 3475 quin
437 3393 471 3456 in
496 3392 607 3456 usitati
632 3397 783 3456 accentus
807 3391 913 3475 legem
937 3391 1052 3474 reliqui
1073 3389 1199 3454 ordines
1220 3392 1394 3458 verborum

248 3520 348 3582 prope
377 3521 488 3563 omnes
516 3502 663 3583 peccent:
696 3504 733 3562 ut
759 3508 872 3548 υυύυ
894 3500 1035 3576 mismo,
1067 3500 1200 3560 υΙυύυ
1227 3502 1258 3560 et
1283 3499 1395 3580 edepol,

247 3605 381 3671 vvv‘lv
403 3602 601 3689 5555155,
622 3606 848 3687 υ1υύ1υ551
870 3606 924 3687 eqo'
943 3606 1026 3686 qual.
1059 3604 1172 3686 ltaque
1196 3624 1270 3665 eum
1297 3606 1396 3669 etiam

248 3713 437 3777 continuato
471 3712 558 3775 ultra
589 3711 913 3796 proceleusmaticum
945 3711 1102 3777 vocabulo
1137 3709 1229 3774 valde
1263 3711 1398 3797 ingrata

248 3819 447 3904 syllabarum
466 3818 584 3883 divisio
603 3819 751 3903 oriretur,
773 3819 806 3883 id
826 3819 911 3903 quod
931 3819 1027 3883 facile
1050 3818 1138 3881 velut
1160 3816 1222 3881 hoc
1246 3821 1397 3906 exemplo

249 3928 388 3991 sentitur
409 3929 462 3992 sed
483 3926 559 3990 dote
579 3930 756 4009 recipere,
784 3926 866 3990 nihil
891 3927 977 4011 quod
1000 3925 1169 4011 probabile
1192 3931 1281 3990 esset
1308 3951 1398 4012 prae·

247 4039 297 4098 ter
320 4035 382 4100 hoc
405 4033 596 4118 disponendi
620 4054 722 4117 genus
745 4033 989 4118 relinquebatur
1011 4056 1061 4083 νυ
1077 4032 1081 4097 1
1096 4041 1158 4095 νὐ.
1195 4030 1269 4096 Tali
1295 4035 1400 4118 igitur

247 4142 420 4206 verborum
449 4141 562 4205 ordine
590 4140 739 4205 effectum
764 4141 1087 4224 proceleusmaticum
1110 4145 1252 4204 nonest
1276 4143 1400 4208 mirum

248 4247 446 4332 frequentius
465 4270 561 4332 quum
581 4252 704 4312 ceteros
723 4248 864 4332 primum
883 4247 998 4330 pedem
1014 4246 1214 4312 senariorum
1231 4250 1401 4334 ascivisse,

336 4389 361 4456 ²¹¹)
381 4387 421 4442 De
441 4388 494 4441 hac
512 4404 568 4442 unu
586 4388 677 4442 forma
695 4387 816 4442 dubitari
837 4405 927 4457 posse,
946 4406 1013 4441 num
1031 4387 1104 4441 forte
1124 4402 1186 4439 raro
1205 4386 1340 4444 admissa
1354 4389 1404 4459 sit,

247 4496 273 4549 p.
293 4491 404 4531 ccxx1x
425 4477 502 4547 [462]
522 4477 588 4529 dixi.
