3006 5016
249 338 292 402 80
562 353 644 400 vsu*
667 352 817 400 wsunsu
840 351 905 399 sus
929 347 1070 400 nocuus

359 603 417 669 ΙΙΙ.
454 603 610 670 Gedichte
633 603 788 670 Werler's
812 626 884 668 zum
908 601 976 668 Lob
1001 603 1107 667 seincr
1129 600 1286 666 Freundc.

269 787 308 837 17.
342 779 491 836 Gedioht
513 779 574 834 aui
595 780 657 836 den
676 780 889 835 commentar
908 779 1021 834 seines
1040 778 1186 833 Lebrers
1205 778 1376 832 Hermann

442 886 509 925 von
527 870 600 923 dem
619 869 750 924 Busche
770 887 808 922 zu
826 867 961 922 Donat’s
980 865 1201 922 Grammatik.

248 993 317 1062 (Aua
342 993 511 1050 ‘Hermanni
533 993 647 1048 Buscbii
670 992 807 1063 Pasiphili
830 993 860 1047 in
882 994 973 1047 artem
991 991 1095 1047 Donati
1118 991 1153 1046 dc
1176 992 1240 1046 octo
1263 989 1394 1060 partibus

247 1084 382 1139 orationis
396 1082 617 1139 Commentarius
635 1099 669 1137 ex
687 1082 835 1139 Pristiano.
855 1080 1001 1137 Diomede.
1022 1075 1127 1136 Servio.
1148 1078 1247 1149 Capro.
1267 1079 1392 1149 Agretio.

247 1173 350 1229 Phoca.
375 1172 536 1227 clerissimis
560 1171 750 1242 grammaticis
769 1189 836 1227 cura
854 1173 884 1226 et
901 1171 999 1225 labore
1017 1187 1073 1225 non
1091 1168 1227 1223 mediocri
1245 1168 1282 1222 ad
1301 1167 1393 1237 publi-

247 1277 309 1315 cam
332 1261 486 1316 iuventutis
509 1260 662 1316 utilitatem
686 1261 947 1330 institutionemque
969 1258 1120 1314 collectus’
1141 1256 1271 1328 Leipzig,
1290 1257 1391 1311 llelcb

432 1351 532 1408 Lotter
551 1357 629 1421 1511,
649 1349 699 1405 aui
715 1351 765 1405 der
783 1349 934 1404 Rdclrseite
952 1347 1002 1402 des
1021 1347 1213 1416 Titelblattes)

249 1492 310 1548 Viti
328 1493 456 1548 Vuerlcri
476 1493 685 1549 Sultsveltensis
708 1492 879 1564 dactylicum
903 1491 1119 1562 Asclepisdsum
1141 1489 1171 1545 in
1194 1491 1260 1546 Her.
1279 1489 1393 1545 Buschii

247 1582 385 1653 Pasiphili
402 1585 592 1655 praeceptoris
611 1584 653 1638 sui
672 1584 854 1652 undecunque
873 1581 1030 1638 doctissimi
1048 1580 1281 1637 commentarium
1309 1597 1391 1649 quem

247 1672 276 1726 iu
291 1671 393 1726 Donati
407 1676 496 1727 artem
510 1672 546 1727 de
560 1675 624 1727 octo
638 1659 764 1742 partibus
779 1670 914 1727 orationis
929 1670 1071 1726 studiosae
1082 1669 1151 1740 pubi
1160 1685 1250 1739 nuper
1259 1669 1392 1724 ediderat

526 1760 651 1817 Libellus
670 1764 813 1816 auctorem
831 1779 912 1816 suum
931 1759 1116 1818 commendat

463 1904 516 1970 Qui
535 1921 579 1960 me
599 1905 758 1975 composuit
776 1903 914 1960 Busobius
933 1903 1041 1958 affatim

461 1993 539 2049 Miris
558 1997 762 2049 commemorat
779 1993 884 2064 scripta
901 1993 1040 2048 nitoribus

460 2080 588 2138 Pulchris
606 2088 636 2139 et
654 2084 770 2139 decorat
787 2100 869 2138 sensa
887 2082 1030 2138 laboribus

460 2172 536 2227 Artis
554 2172 755 2243 grammaticae
773 2172 865 2242 prima
883 2172 1062 2240 documina*)

460 2261 497 2315 ut
514 2261 628 2331 linguae
647 2261 753 2317 latialis
771 2260 928 2331 penetralia

460 2352 620 2407 Emrmstim
638 2369 764 2408 reserans
783 2351 909 2407 sensibus
926 2350 1041 2418 intimis,

461 2439 515 2496 Per
533 2458 604 2510 quae
623 2442 716 2511 (crede
735 2440 816 2510 mihi)
836 2442 943 2495 crescet
960 2439 1112 2494 honoribus

462 2529 617 2585 Confestim
635 2529 788 2583 innumeris
807 2528 973 2582 Romuleum
993 2527 1086 2581 decus.

462 2619 564 2689 Surget
581 2618 649 2688 quin
668 2618 754 2673 etiam
774 2619 836 2673 tota
853 2617 991 2672 Latinitas

459 2707 569 2763 Priscae
588 2707 739 2762 restituens
757 2724 814 2762 non
833 2707 905 2762 male
924 2707 1043 2763 litteras.

460 2797 513 2853 Eia
531 2814 609 2868 ergo,
627 2815 644 2853 o
662 2797 784 2865 iuvenis,
802 2800 916 2867 pectore
935 2796 1044 2853 fervido

461 2890 502 2942 Ae
521 2887 602 2942 firma
620 2888 716 2943 teneas
735 2889 829 2942 mente
847 2886 1031 2954 reconditum,

462 2975 601 3046 Quicquid
619 2993 670 3047 per
687 2977 813 3032 modicas
831 2977 867 3032 do
885 2976 938 3031 tibi
956 2977 1081 3047 paginas,

462 3065 517 3119 Sed
536 3066 633 3121 doctus
652 3065 732 3137 vigili
750 3067 780 3121 et
797 3066 888 3121 Marte
907 3065 1073 3137 recognitas.

461 3153 597 3223 lienosi,
617 3171 666 3209 cur
684 3155 801 3210 stolidos
820 3155 909 3210 lustra
926 3171 976 3225 per
995 3154 1089 3210 omnia

462 3242 600 3313 Deinceps
619 3245 819 3314 grammaticos
837 3243 1010 3315 ingeniosius

462 3332 567 3386 Volvas
584 3331 666 3386 foede
686 3349 799 3403 operam
818 3337 847 3388 et
866 3334 995 3404 tempora
1012 3334 1165 3403 collocuns;

462 3419 553 3475 Maius
572 3421 703 3476 continuo
721 3439 788 3476 nam
806 3421 860 3476 tibi
878 3423 1054 3478 commodum

462 3507 568 3563 Horum
588 3510 700 3565 confero
720 3527 804 3580 quam
823 3511 901 3565 mille
920 3511 1072 3567 volumina.

462 3598 535 3652 Hinc
553 3615 604 3667 pro
623 3616 737 3672 munere
755 3600 892 3669 donisque
911 3601 1072 3657 decentibus

462 3688 579 3742 Auctori
597 3689 711 3744 meritas
730 3689 847 3744 reddere
865 3690 970 3760 gratias

464 3776 523 3830 Nec
543 3776 630 3849 [Νεῖ]
650 3795 741 3834 cesses
760 3778 853 3834 auimo
873 3779 1017 3835 effectibus
1036 3797 1153 3849 orequo;
1233 3787 1250 3814 ⁸

462 3864 580 3919 Presens
599 3867 722 3922 excoluit
740 3869 790 3936 qui
808 3869 931 3923 studium
950 3870 1031 3924 tuum

463 3954 549 4009 Musis
568 3958 597 4009 et
615 3956 694 4012 varia
712 3957 911 4026 sollicitudine,

462 4044 570 4099 Absens
589 4062 640 4100 ncc
659 4047 742 4102 modo
761 4048 855 4116 deest,
873 4048 980 4119 ingenii
998 4066 1107 4119 quoque

464 4135 576 4189 Vivacis
594 4134 698 4191 nitidos
717 4136 876 4192 accumulat
893 4137 988 4194 libros.

251 4262 462 4272 u————

339 4350 365 4418 ⁸²)
384 4348 424 4403 Oi.
445 4347 545 4418 Opusc.
566 4349 605 4403 ΙΙΙ
624 4369 650 4420 p.
672 4357 731 4407 114.

757 4516 887 4526 *-
