2918 5004
461 365 694 415 uurnrmscau
719 365 846 413 nunna.
1157 349 1221 413 647

81 510 236 592 condicio,
259 510 314 594 qui
335 513 503 594 tamquam
522 506 667 594 legitime
685 508 879 574 constitutus
899 509 1049 577 laudator
1068 508 1225 593 temporis

85 619 147 683 acti
170 617 314 702 prodeat.
348 616 426 694 Quis
449 620 500 681 est
522 616 609 680 euim
632 619 786 699 vestrum,
809 616 888 701 quin
912 615 1077 682 lubentius
1099 616 1134 680 in
1157 615 1224 680 eius

82 724 223 809 imagine
242 724 342 810 Regis
367 725 477 789 oculos
501 723 656 805 defixerit,
679 744 743 808 quo
762 723 847 808 vivo,
870 745 934 808 quo
958 727 1136 808 praesente,
1159 744 1225 808 quo

83 830 211 919 vigente
235 831 404 914 laetamur,
428 831 479 896 cui
501 831 668 916 praeclara
690 830 853 915 debemus,
876 854 978 916 aquo
997 831 1224 916 praeclariora,

81 936 267 1003 liberaliora
290 943 528 1022 exspectamus:
558 938 686 1024 quando
710 961 748 1004 ea
772 944 822 1005 est
845 959 1076 1024 generosorum
1099 938 1225 1005 indoles

82 1044 279 1127 animorum,
302 1047 428 1111 utnon
450 1045 579 1130 possint
601 1045 636 1110 in
659 1045 765 1111 media
788 1046 842 1111 via
865 1046 1058 1127 subsistere,
1081 1045 1138 1111 sed
1161 1067 1224 1130 quo

82 1153 276 1217 luculentius
304 1153 410 1218 exorsi
438 1152 517 1235 sint,
545 1175 583 1217 eo
607 1152 834 1237 gloriosiorem
857 1152 898 1217 ad
920 1153 1018 1218 finem
1040 1152 1143 1237 ipsius
1165 1174 1222 1217 na-

81 1262 173 1323 turae
200 1260 392 1324 necessitate
421 1259 561 1343 quadam
590 1262 735 1344 pergant
782 1257 925 1325 Tantum
954 1260 990 1324 in
1018 1259 1080 1324 hoc
1109 1280 1226 1345 genere

80 1366 169 1430 valet
196 1366 396 1451 exspectatio
422 1365 533 1430 futuri.
584 1366 740 1442 Quocirca
767 1388 833 1431 non
862 1370 913 1431 est
939 1367 1074 1452 mirum,
1107 1366 1225 1452 quibus

81 1475 255 1561 quotannis
279 1475 438 1542 orandum
462 1479 512 1540 est
534 1474 645 1540 idibus
661 1474 865 1559 Octobribus,
887 1475 929 1540 iis
952 1479 1130 1560 paratum
1154 1478 1242 1539 esse'

81 1581 282 1648 audientium
306 1581 469 1665 plausum:
503 1587 538 1647 at
565 1582 660 1648 nobis
688 1581 915 1666 parandum,
949 1586 984 1647 at
1006 1580 1102 1647 nobis
1127 1602 1223 1666 quae

82 1689 215 1754 rendam
239 1689 508 1774 approbationem
528 1692 670 1755 vestram
689 1688 947 1773 capiendumque
967 1688 1226 1755 benevolentiam

39 1815 42 1821 ’
80 1816 161 1861 esse.
207 1793 269 1860 Sed
298 1796 385 1860 aliud
413 1795 565 1880 quiddam
593 1796 718 1861 accedit
746 1795 842 1879 longe
869 1795 970 1860 etiam
993 1795 1138 1881 gravius,
1170 1817 1226 1860 cur

81 1925 146 1968 non
174 1905 303 1968 tantum
331 1903 473 1967 immune
501 1903 545 1967 sit
572 1902 699 1968 facinus
728 1901 779 1986 (ut
802 1923 874 1967 cum
897 1902 1013 1986 priscis
1036 1901 1224 1967 hominibus

80 2008 219 2095 loquar),
242 2009 296 2074 sed
322 2010 422 2074 etiam
444 2009 605 2074 lubricum
629 2013 662 2073 et
680 2009 914 2094 propemodum
935 2008 1070 2074 dixerim
1088 2008 1225 2075 invidio·

81 2139 167 2200 sum,
195 2116 325 2182 laudare
348 2137 459 2202 regem
484 2116 683 2201 defunctum,
707 2116 797 2181 cuius
821 2117 849 2182 is
873 2117 918 2181 sit
939 2117 1026 2182 filius
1049 2119 1226 2201 superstes,

82 2223 138 2308 qui
161 2244 233 2288 eum
257 2224 370 2289 multis
394 2224 540 2289 videatur
559 2261 600 2269 —
621 2223 732 2309 quidni
756 2223 842 2287 enim
865 2223 965 2289 libere
988 2222 1163 2308 profitear?
1183 2261 1221 2271 -

80 2334 250 2414 paternam
275 2331 413 2417 gloriam
437 2354 503 2397 non
526 2331 679 2417 ambigue
702 2331 885 2416 obscurare,
908 2335 979 2396 tum
1003 2330 1225 2397 diversissima

80 2458 157 2502 sane
181 2436 290 2503 indole
313 2437 479 2523 praeditus
503 2442 561 2503 est.
594 2438 708 2523 Itaque
728 2459 800 2503 cum
819 2438 903 2504 aliae
923 2442 1011 2503 etex
1035 2442 1129 2523 parte
1152 2460 1224 2503 con·

79 2545 199 2610 trariae
228 2546 260 2610 in
288 2551 426 2631 utroque
455 2546 593 2611 virtutes
622 2545 798 2628 emineant,
830 2567 937 2610 nonne
965 2544 1138 2610 verendum
1165 2547 1224 2628 est,
1281 2596 1290 2608 ,

79 2674 119 2716 ue
143 2653 228 2738 quod
256 2654 291 2718 in
314 2653 372 2719 illo
396 2652 524 2736 laudes,
557 2652 687 2717 videare
709 2652 743 2716 in
766 2652 829 2717 hoc
852 2651 1047 2735 desiderare,
1079 2650 1164 2735 quod
1188 2652 1222 2717 in

79 2757 136 2822 illo
160 2758 209 2822 vel
235 2759 373 2823 maxime
402 2758 535 2842 probes,
557 2758 790 2842 propemodum
813 2757 997 2841 improbare
1020 2758 1054 2822 iu
1077 2757 1148 2841 hoc,
1174 2761 1220 2823 at·

79 2886 140 2948 que
169 2864 216 2928 ita
239 2864 277 2927 de
302 2863 411 2929 debita
434 2864 526 2928 Patri
549 2863 680 2929 Patriae
704 2863 885 2929 reverentia
909 2863 1029 2949 aliquid
1053 2864 1222 2930 detrahere

79 2971 330 3037 irreverentius?
376 2970 514 3036 Possum
543 2993 620 3036 sane
650 2970 784 3053 videri,
818 2975 851 3035 et
874 2971 1008 3035 videbor
1031 2970 1170 3036 fortasse
1194 2972 1222 3036 si

79 3080 133 3164 qui
166 3078 361 3143 malitiosius
394 3078 574 3143 orationem
608 3100 713 3142 meam
747 3078 1014 3162 interpretentur:
1049 3078 1104 3144 sed
1137 3079 1222 3145 idem

79 3188 166 3251 recte
190 3185 401 3250 iudicantium
430 3188 464 3250 et
487 3185 557 3248 sine
580 3184 753 3269 iniquitate
776 3185 1061 3269 interpretantium
1084 3186 1222 3252 benevo-

80 3293 179 3357 lentia
202 3292 282 3357 adeo
305 3290 444 3375 confido,
476 3294 514 3355 ut
536 3313 575 3355 ex
598 3312 636 3355 eo
659 3290 732 3374 ipso
756 3311 872 3376 genere
896 3290 1038 3374 reliquae
1063 3292 1220 3359 orationis

80 3422 170 3466 meae
194 3402 422 3485 argumentum
445 3400 555 3482 petere
579 3397 664 3482 apud
688 3420 739 3463 me
762 3396 995 3463 constituerim.

168 3506 313 3571 Laudare
336 3507 371 3570 in
393 3506 588 3572 Fulnnnlco
612 3504 800 3570 vaunrro
823 3503 873 3570 III
897 3505 1121 3574 consuevimus
1146 3505 1221 3570 sim-

79 3613 257 3697 plicitatem
282 3636 442 3679 summam
465 3618 561 3698 atque
584 3613 835 3698 ingenuitatem,
858 3612 990 3678 laudare
1013 3613 1221 3680 consiliorum

79 3720 351 3785 considerantiam
375 3724 408 3784 et
430 3719 765 3803 circumspicientiam,
788 3719 920 3783 laudare
943 3717 1061 3805 agendi
1083 3718 1221 3803 pruden-

79 3829 171 3910 tiam,
194 3827 296 3892 animi
318 3827 549 3910 constantiam,
571 3827 657 3891 vitae
680 3826 905 3911 frugalitatem
924 3848 961 3891 ae
980 3826 1221 3910 parsimoniam,

78 3955 205 3998 morum
228 3930 435 4014 modestiam,
463 3954 571 3997 rerum
595 3932 739 3996 omnium
763 3931 996 3996 continentiam
1019 3936 1117 4017 atque
1140 3936 1220 3996 tem-

78 4039 273 4125 perantiam:
297 4040 329 4104 et
352 4042 402 4103 est
423 4038 504 4104 haec
527 4039 673 4123 profecto
696 4039 768 4104 laus
791 4038 972 4103 iustissima
994 4042 1028 4103 et
1045 4038 1220 4123 plurimum

78 4148 201 4212 habens
221 4144 477 4230 approbationis,
496 4150 593 4230 atque
612 4145 773 4229 imprimis
792 4167 866 4209 raro
886 4145 971 4210 inter
990 4167 1045 4210 eos
1065 4147 1221 4230 exemplo,

78 4255 195 4339 quibus
223 4252 257 4316 in
285 4274 384 4316 manu
412 4255 567 4337 potestas.
613 4252 736 4330 Quodsi
763 4253 878 4317 iisdem
905 4253 1001 4317 nobis
1028 4274 1066 4317 ea
1094 4252 1219 4337 praedi·

78 4361 180 4425 canda
203 4362 287 4444 sunt,
311 4382 394 4445 quae
417 4358 452 4424 in
473 4360 704 4445 augustissimo
723 4359 791 4425 filio
810 4359 949 4424 maxime
968 4359 1164 4440 admiremur
1187 4363 1220 4424 et

78 4469 207 4552 praeter
230 4470 337 4533 cetera
360 4467 583 4553 suspiciamus,
606 4466 739 4551 numqui
763 4466 837 4531 illas
855 4465 1063 4550 potissimum
1081 4466 1219 4533 virtutes
