2918 5004
252 343 318 406 646
635 353 869 403 usrururscnu
892 353 1024 401 annau.

254 501 449 587 dignitatem
468 500 518 564 vel
538 503 689 582 vestram,
713 497 889 578 auditores,
911 496 1217 580 exspectationem
1242 495 1314 561 ullo
1336 496 1415 561 modo

255 607 439 693 exaequari:
476 629 535 672 nec
563 609 613 671 est
641 604 727 671 enim
756 605 790 668 in
813 603 908 668 nobis
931 603 1054 669 idonea
1080 603 1263 669 orationis
1288 602 1415 684 facultas

255 737 315 780 nec
338 715 454 799 siqua
477 718 576 797 esset,
606 734 722 797 parare
745 712 833 776 iusta
856 711 1104 777 sententiarum
1132 712 1274 777 lumina
1298 734 1353 796 per
1372 711 1415 774 otii

256 822 425 907 penuriam
454 821 612 886 licuisset:
645 822 756 885 tamen
784 818 825 883 ab
853 818 914 882 hac
942 818 1082 903 quidem
1115 822 1240 904 parte,
1274 825 1312 885 ut
1334 819 1414 884 libere

257 931 369 1012 fatear,
392 929 542 994 timidum
565 949 630 991 una
653 925 748 991 facile
772 925 957 991 consoletur
975 911 1175 1010 cogitatio(
1191 926 1358 1011 imprimis
1373 925 1414 989 illr

257 1035 409 1121 apposita
436 1057 519 1121 quae
547 1034 598 1099 uel
626 1034 732 1099 minus
760 1035 919 1098 instructo
948 1032 988 1097 ab
1015 1033 1163 1098 dicendi
1189 1039 1268 1100 arte
1293 1035 1412 1099 animun

258 1148 292 1208 et
320 1144 405 1208 vires
434 1143 545 1210 addat:
578 1143 763 1209 consoletur
790 1140 893 1224 ipsius
920 1141 1138 1225 argumenti,
1175 1142 1214 1206 in
1241 1164 1309 1228 quo
1331 1164 1412 1205 verse
1455 1150 1456 1171 ¹

259 1273 341 1332 mur,
364 1251 464 1315 insita
487 1249 686 1315 excellentia.
719 1248 790 1327 Qua
814 1268 941 1331 sperare
964 1246 1066 1311 liceat
1094 1252 1138 1312 ut
1159 1250 1342 1334 quantavis
1361 1270 1412 1312 ora·

259 1357 341 1421 toris
365 1357 571 1422 mediocritas
600 1357 731 1442 egregie
754 1359 981 1440 compensetur
1005 1360 1041 1419 et
1065 1378 1090 1420 a
1117 1358 1308 1423 verborum
1330 1357 1412 1422 tenui·

260 1466 328 1529 tate
361 1464 401 1528 ad
434 1486 542 1530 rerum
574 1462 701 1549 pondus
734 1461 931 1526 audientium
964 1461 1171 1528 voluntates
1210 1464 1411 1529 traducantur.

261 1571 330 1637 Nec
353 1573 458 1657 magis
483 1571 563 1636 illud
586 1572 733 1655 profecto
758 1568 940 1649 verendum,
964 1589 1005 1632 ne
1027 1570 1084 1634 vel
1105 1570 1279 1636 laudandi
1298 1571 1411 1636 materia

261 1701 413 1766 umquam
432 1679 620 1743 deliciamur
634 1677 685 1742 vel
702 1698 817 1761 parum
832 1674 1000 1739 varietatis
1025 1697 1066 1739 ea
1092 1677 1258 1744 laudatio
1284 1679 1410 1744 habitan

262 1789 319 1872 sit,
352 1809 435 1872 quae
458 1785 634 1871 quotannis
658 1805 767 1848 coram
790 1781 904 1846 iisdem
928 1781 1145 1848 auditoribus
1172 1785 1410 1872 redintegranda

263 1896 315 1961 sit.
362 1894 435 1963 Sive
460 1893 546 1957 enim
568 1891 696 1975 imperii
721 1889 887 1974 praeclare
911 1888 996 1972 gesti
1022 1888 1175 1973 gloriam
1204 1894 1410 1978 persequimur

263 2002 381 2067 bellica
404 2003 524 2066 uirtute
547 2021 614 2064 non
637 1998 744 2063 minus
769 2019 866 2081 quam
890 1995 991 2060 animi
1015 2001 1223 2065 constantia
1246 2000 1409 2085 partemin

257 2110 398 2194 >ipsaque
427 2107 591 2174 communi
614 2106 763 2189 Europae
792 2103 881 2168 clade
908 2102 1073 2188 imprimis
1105 2109 1342 2191 conspicuam:
1369 2129 1409 2170 scu

265 2221 449 2302 spectamus
469 2217 554 2281 uitae
574 2212 769 2280 domesticae
789 2210 1015 2293 innocentiam,
1030 2233 1172 2277 morum
1193 2214 1409 2301 integritatem,

265 2325 397 2408 pietatis
412 2346 477 2389 non
492 2323 621 2386 fucatae
637 2318 888 2404 simplicitatem,
906 2317 1142 2386 institutorum
1159 2322 1409 2388 sanctimoniam:

266 2431 333 2495 sive
362 2431 450 2514 pacis
483 2433 569 2494 artes
598 2428 844 2511 litterarumque
873 2424 968 2488 decus
996 2425 1071 2507 pari
1102 2429 1356 2495 munificentiae
1375 2452 1408 2493 sa·

267 2537 390 2622 pientia
414 2537 587 2603 adauctum
612 2534 881 2619 contemplamur:
914 2531 987 2616 quis
1011 2534 1064 2596 est
1090 2556 1240 2620 quaeso,
1265 2539 1342 2623 quin
1362 2558 1409 2601 nor

266 2651 395 2711 tentum
423 2645 570 2710 caritatis
599 2647 632 2708 ct
660 2641 877 2707 venerationis
906 2661 1054 2704 caussam
1082 2644 1344 2729 gravissimam,
1371 2643 1409 2708 sed

267 2755 367 2820 etiam
399 2751 624 2817 inexhaustam
658 2750 785 2830 debitae
818 2748 923 2813 laudis
956 2748 1133 2812 materiam
1167 2752 1408 2836 varietatemque

268 2864 449 2944 inventam,
487 2857 715 2924 aemulationis
748 2860 857 2922 autem
895 2854 1206 2923 luculentissimum
1247 2860 1408 2944 exemplum

267 2969 471 3054 propositum
495 2988 566 3031 esse
589 2988 627 3029 ex
650 2963 752 3028 animi
776 2963 938 3028 sententia
960 2962 1189 3045 profiteatur?
1225 2966 1292 3033 Sed
1317 2974 1409 3046 tamea

269 3076 348 3140 hacc
371 3080 408 3138 ut
432 3073 568 3137 sintita
591 3072 638 3136 uti
663 3071 742 3154 diri,
770 3069 873 3134 nihilo
897 3069 1004 3133 minus
1028 3066 1186 3137 difficilis
1212 3081 1409 3141 estmorae

269 3205 341 3246 rum
368 3179 525 3262 laudatio,
553 3179 647 3263 idque
675 3200 740 3243 non
768 3199 865 3242 unam
890 3176 931 3240 ob
956 3197 1118 3241 caussam.
1171 3179 1269 3248 Nam
1294 3184 1409 3268 primun

271 3293 548 3372 quantuscumque
573 3285 726 3369 splendor
749 3289 798 3349 est
822 3306 932 3348 earum
954 3304 1078 3366 rerum,
1107 3307 1200 3369 quas
1224 3290 1409 3356 recordemur

270 3394 522 3479 praeteritas,
550 3396 657 3457 tamen
687 3415 741 3456 eas
770 3392 858 3475 ipsas
887 3412 953 3454 non
980 3388 1107 3472 patitur
1134 3399 1268 3464 natura
1293 3400 1408 3464 humour

271 3502 444 3568 enitescere
468 3522 544 3585 prae
569 3499 805 3583 praesentibus,
834 3497 888 3561 sed
917 3497 958 3561 ad
986 3517 1100 3560 recens
1127 3507 1312 3583 gestorum
1334 3504 1407 3570 adnl-

236 3635 256 3674 τ
271 3609 431 3673 rationem
459 3608 605 3693 ingenito
633 3606 849 3670 invitamento
876 3605 1002 3687 rapitur
1029 3625 1069 3666 ex
1094 3627 1290 3695 eorumque
1313 3611 1406 3696 cogie-

272 3715 362 3780 tione
396 3715 601 3797 praecipuam
635 3711 719 3777 solet
752 3711 951 3795 voluptatem
984 3730 1109 3793 capere.
1169 3715 1271 3792 Quod
1306 3717 1404 3803 quiden

271 3821 345 3887 inde
364 3843 384 3885 a
402 3819 528 3885 Phemii
547 3818 713 3885 Homerici
733 3817 982 3900 Telemachique
1005 3819 1222 3901 temporibus
1249 3823 1403 3890 communis
1457 3847 1459 3917 ι

272 3950 448 3994 consensus
472 3928 637 4010 probavit:
1457 3929 1459 3953 ⁴

432 4092 489 4168 τὴν
512 4089 572 4166 γὰρ
596 4088 709 4167 ἀοιδὴν
733 4090 856 4165 μᾶλλον
879 4085 1067 4150 ἐπικλείουτ’
1090 4084 1285 4172 ἄνθρωποι,

433 4199 498 4275 ἥτιτ
522 4196 723 4261 ἀκουόντεττι
748 4194 891 4273 νεωτάτη
916 4194 1145 4272 ἀμφιπέληται.

273 4357 310 4422 Id
334 4363 442 4423 autern
471 4380 544 4423 cum
572 4380 591 4421 a
614 4357 745 4422 vatibus
770 4360 802 4421 et
825 4354 931 4441 poetis
960 4352 1142 4421 rectissime
1169 4359 1275 4426 etiam
1299 4360 1335 4426 ed
1354 4378 1399 4422 on·
1453 4412 1454 4415 ,

274 4468 362 4528 tores
386 4464 612 4547 transferatur,
645 4464 739 4529 facile
767 4463 970 4547 intellegitur
993 4481 1092 4545 quam
1118 4465 1167 4529 sit
1189 4466 1335 4533 insuavis
1354 4464 1399 4528 eia
