3038 5010
425 329 560 377 sarran
584 329 631 376 sn
655 330 790 377 russas
815 330 963 378 suanno.
1196 314 1259 378 231

202 473 274 538 Hac
294 472 395 558 igitur
412 476 538 538 remota
556 470 746 538 difficultate
765 473 962 558 reliquorum
983 475 1185 559 quorundam
1208 474 1262 539 hic

119 581 244 667 quidem
263 581 554 666 praetermittimus
573 581 818 666 expositionem,
840 581 897 646 ubi
920 582 953 646 id
972 582 1081 669 agitur
1100 583 1204 647 solum
1224 586 1262 647 ut

119 685 384 772 antistrophieam
409 688 552 753 universi
581 687 732 753 carminis
756 688 811 772 qui
834 688 913 753 velit
935 689 1105 755 restituere
1129 710 1259 774 respon-

119 794 248 879 sionem,
268 794 297 859 ei
315 795 498 881 exemplum
518 794 648 880 aliquod
666 798 878 879 proponatur,
896 816 961 859 non
980 795 1160 881 perfectum
1179 794 1260 859 illud

118 902 327 985 omnibusque
350 900 494 967 numeris
518 901 715 985 absolutum,
743 900 902 967 eiusmodi
929 906 1040 967 tamen
1068 902 1260 988 exemplum,

117 1009 195 1074 unde
223 1007 431 1094 proficiscens
458 1008 589 1074 facilius
617 1008 779 1094 quispiam
808 1007 884 1094 quid
908 1009 1041 1075 omnino
1064 1008 1103 1075 de
1126 1030 1259 1095 respon·

119 1117 204 1181 sione
228 1115 293 1179 ista
316 1114 524 1180 statuendum
547 1114 705 1198 rideatur,
729 1115 872 1180 iudicare
894 1115 1008 1199 possit.
1045 1115 1150 1181 Multa
1173 1115 1259 1181 enim

118 1208 292 1288 etiamnum
321 1218 514 1286 accuratiori
544 1242 614 1285 esse
646 1221 759 1286 relicta
787 1221 990 1308 indagationi
1019 1221 1070 1287 vel
1094 1222 1127 1287 in
1151 1223 1259 1310 singu·

117 1329 217 1395 lorum
241 1327 443 1413 quorundam
467 1326 661 1392 tractatione
686 1327 737 1392 vel
759 1329 793 1392 in
818 1329 1027 1414 stropharum
1046 1329 1133 1394 iusta
1150 1330 1257 1416 dispo-
1272 1355 1299 1395 ro

117 1438 231 1504 sitione
254 1435 356 1521 probe
379 1434 536 1499 sentimus
558 1455 670 1517 ¹neque
701 1432 912 1499 difficultates
942 1435 1146 1521 ignoramus
1179 1460 1259 1522 quae

117 1549 171 1610 aut
194 1543 327 1610 omniuo
350 1541 508 1607 removeri
527 1562 593 1605 nou
617 1543 769 1625 poterant
788 1546 844 1606 aut
867 1563 921 1607 eas
945 1541 1140 1628 flagitabant
1158 1551 1259 1611 muta·

115 1652 229 1735 tioneS,
259 1655 295 1714 ut
322 1647 465 1714 dubitari
488 1647 607 1732 possit,
635 1670 676 1712 an
705 1648 970 1733 probabilitatem
999 1654 1130 1736 superet
1153 1674 1259 1718 emen·

114 1756 255 1823 dationis
274 1754 438 1820 violentia.
466 1753 636 1818 Eiusmodi
655 1757 731 1820 sunt
749 1753 866 1819 dubiae
885 1755 1058 1821 nonnullae
1081 1761 1259 1825 metrorum

28 1946 29 1949 Ἴ
111 1864 349 1951 responsiones,
369 1861 526 1927 eiusmodi
548 1861 659 1926 hiatus
679 1861 733 1925 ille
754 1883 816 1927 vss.
834 1863 905 1927 122.
921 1862 983 1927 123
1001 1863 1176 1950 admissus,
1196 1866 1259 1934 huc

110 1972 253 2056 pertinet
277 1968 429 2054 ambigua
452 1991 514 2033 vss.
542 1966 611 2033 131.
639 1969 701 2033 132
725 1969 935 2035 correctionis
959 1970 1057 2055 ratio,
1085 1970 1148 2038 huc
1172 1973 1258 2039 deni-

108 2101 172 2164 que
196 2082 347 2164 suspecta
371 2098 450 2141 saue
476 2097 588 2141 eorum
612 2076 749 2140 mutatio
773 2082 964 2163 metrorum,
989 2100 1071 2164 quae
1095 2102 1167 2145 cum
1191 2104 1258 2146 om·

107 2187 186 2251 nino
210 2207 276 2250 uon
300 2183 457 2248 inusitata
480 2188 555 2249 sunt
577 2188 647 2249 tum
671 2184 828 2268 exemplis
852 2186 1106 2270 comprobantur
1129 2208 1166 2269 es
1185 2188 1257 2274 ipso

108 2289 172 2358 boc
197 2292 339 2357 carmine
362 2291 484 2377 petitis,
507 2291 607 2356 veluti
632 2315 661 2357 v.
682 2291 745 2356 122
765 2292 925 2377 ἰχθυβόλῳ
944 2299 1071 2378 μαχανᾷ
1089 2295 1258 2363 Ποεειδάν.

109 2396 202 2465 Haec
225 2398 327 2485 igitur
348 2398 523 2485 cogitanda
541 2399 715 2483 omniaque
734 2400 838 2465 denuo
858 2400 925 2465 suis
945 2401 1173 2486 perpendenda
1191 2426 1257 2470 mo·

112 2507 244 2590 mentis,
267 2510 391 2571 certum
415 2508 451 2570 ut
474 2505 543 2570 fieri
567 2505 605 2569 de
629 2505 691 2571 hoc
714 2507 855 2572 carmine
878 2507 1031 2573 iudicium
1055 2510 1161 2593 possit
1179 2509 1257 2576 ista-

113 2635 175 2697 que
202 2612 402 2698 disceptetur
430 2612 593 2697 quaestio,
620 2635 698 2678 uum
725 2636 784 2698 per
812 2616 919 2680 totum
942 2615 1104 2702 pertinere
1128 2638 1258 2684 carmen

111 2718 347 2805 antistrophica
381 2718 527 2785 videatur
564 2720 732 2806 responsio
766 2717 806 2786 ari
840 2721 940 2788 etiam
972 2724 1257 2810 monostrophicae

114 2826 178 2890 siut
206 2824 384 2911 particulae
409 2824 568 2910 quaedam
592 2825 771 2911 quibusque
798 2826 885 2912 illae,
912 2834 1093 2894 extremum
1117 2831 1144 2895 si
1167 2854 1257 2918 repe-

115 2932 219 2998 riatur
238 2954 359 3014 reram,
377 2931 497 2997 finibus
515 2933 748 2998 contineantur.
786 2934 930 3010 Quorum
949 2934 1116 3022 indagatio
1135 2939 1177 3002 ab
1195 2938 1257 3004 hoc

114 3038 240 3124 quidem
266 3039 337 3105 loco
362 3039 469 3106 aliena
492 3043 550 3106 est.
