2986 5010
428 369 718 420 ’annunnrionrs
741 371 950 419 ensvnnvas.
1211 356 1275 421 423

128 538 159 598 p.
173 515 238 580 928
250 535 318 598 sqq.
339 520 372 579 ct
390 513 427 580 G.
442 513 590 580 Curtium
608 520 757 580 nostrum
777 514 816 579 de
835 515 963 582 format.
982 520 1080 600 temp.
1100 522 1133 581 et
1152 516 1275 583 modor.

129 644 159 705 p.
182 621 342 707 259sqq.:
369 623 569 708 legemque
597 626 843 688 constantem
872 622 1159 689 formandorum
1188 646 1275 690 con-

129 729 390 795 iunctivorum
419 730 586 795 omnium
614 730 700 794 hano
726 730 842 813 fuisse,
871 734 909 794 ut
936 730 1060 814 origine
1089 754 1148 796 sua
1177 731 1277 817 longa

130 837 234 903 vocali
258 837 374 902 fierent
397 835 503 923 (ouius
527 836 695 920 primitiva
723 836 847 919 species
871 859 936 902 non
960 836 1174 903 dubitandum
1198 839 1275 923 quin

129 957 142 1008 ’ῑ
169 943 294 1029 fuerit),
323 944 391 1009 sive
420 966 491 1009 eam
519 943 665 1010 vocalem
693 965 709 1008 s
735 944 845 1008 littera
873 944 939 1007 sive
967 967 985 1007 r
1013 944 1081 1008 sive
1110 950 1123 1009 1
1149 945 1216 1012 sivo
1244 967 1277 1010 m

129 1052 322 1136 excipiebat:
350 1052 486 1118 decursu
515 1056 624 1117 autem
648 1049 805 1134 temporis
829 1051 958 1115 demum
981 1050 1104 1116 factum
1129 1073 1213 1136 esse,
1240 1057 1277 1118 ut

129 1164 276 1224 servatae
300 1160 472 1224 etiamtum
495 1158 605 1223 Plauti
629 1161 735 1222 aetate
759 1158 877 1243 longae
896 1156 1018 1223 vocalis
1042 1158 1205 1242 correptio
1229 1158 1277 1224 ita

128 1266 388 1352 increbresceret,
410 1271 447 1331 ut
470 1270 546 1350 post
569 1264 723 1330 Plautina
747 1269 896 1348 tempora
919 1264 954 1328 in
977 1267 1083 1330 certae
1107 1271 1277 1331 consuetu·

129 1374 214 1440 dinis
245 1374 462 1440 constantiam
492 1373 564 1457 ipsa
598 1373 740 1438 brevitas
770 1373 890 1458 abiret,
922 1395 1033 1438 earum
1066 1395 1277 1458 personarum

129 1504 211 1568 quae
241 1482 275 1546 iu
304 1504 337 1545 m
367 1486 399 1545 et
429 1503 446 1544 r
476 1486 509 1544 ct
538 1485 552 1544 1
579 1485 698 1544 exeunt
727 1481 922 1546 communis:
952 1505 1018 1547 una
1047 1483 1132 1547 enim
1163 1487 1181 1547 ε’
1209 1504 1277 1548 eor·

129 1590 269 1674 reptioni
303 1610 430 1673 semper
462 1587 592 1652 restitit
631 1586 805 1671 'Exempla
837 1588 954 1654 tertiae
987 1610 1142 1672 personae
1175 1589 1277 1655 habes

130 1697 272 1784 primum
296 1698 339 1762 sit
362 1696 415 1777 [cf.
439 1720 469 1780 p.
494 1697 651 1776 ccnxvn]
676 1695 769 1759 Asin.
788 1693 845 1778 IV,
871 1698 902 1777 1,
929 1698 978 1759 17.
1001 1693 1085 1761 Men.
1109 1694 1149 1779 V,
1174 1697 1203 1778 7,
1226 1696 1277 1760 55.

129 1803 197 1869 Mil.
220 1803 267 1888 ΙΙ,
291 1804 325 1886 2,
349 1803 390 1868 87
416 1799 506 1887 (nam
529 1802 568 1865 de
592 1800 708 1866 Bacch.
732 1799 756 1883 I,
779 1801 809 1884 2,
833 1801 915 1887 32*)
939 1801 1094 1885 perdubia
1117 1800 1196 1885 res):

218 1945 268 2012 Ne
292 1943 435 2029 epistula
458 1944 585 2030 quidem
609 1943 657 2007 illi
681 1943 750 2008 ulla
772 1945 815 2009 a‘t
836 1944 870 2008 in
894 1942 1036 2009 aedibus.

217 2069 268 2136 Ne
291 2075 371 2153 tum,
394 2069 523 2155 quando
544 2070 641 2133 saiuus
660 2067 766 2132 factus
789 2072 838 2151 sit,
862 2090 882 2132 a
904 2090 955 2133 me
979 2039 1151 2155 argentum
1176 2074 1276 2155 petat.

220 2170 275 2278 llt,
298 2194 327 2259 si
349 2194 448 2259 illanc
471 2192 724 2259 concriminatus
746 2195 789 2259 sit
810 2193 984 2260 aduersum
1007 2194 1159 2260 militem.

129 2337 307 2403 Verissime
332 2337 417 2401 enim
442 2337 649 2402 observatum
669 2342 719 2402 est
737 2360 913 2423 numquam
932 2340 990 2403 siet
1007 2337 1145 2403 formam
1165 2361 1275 2404 accen-

128 2449 198 2510 tum
225 2444 344 2510 habere
373 2445 406 2510 in
430 2445 646 2528 paenultima:
677 2445 766 2510 cuius
795 2446 842 2510 rei
870 2445 987 2511 melius
1016 2445 1081 2511 iam
1105 2469 1220 2512 caussa
1243 2451 1276 2512 et

129 2553 212 2618 ratio
236 2553 458 2639 perspicietur.
495 2551 571 2617 Non
589 2552 694 2638 magis
718 2553 750 2616 id
772 2554 845 2633 suot
866 2557 899 2618 et
921 2555 990 2617 dail
1012 2553 1135 2618 formae
1159 2577 1274 2638 passae
1289 2580 1433 2621 cnxxxrn

128 2664 216 2725 sunt:
245 2683 344 2746 quare
371 2660 458 2725 haud
487 2659 553 2724 scio
583 2681 624 2724 an
649 2681 714 2724 non
738 2659 944 2725 sollicitanda
967 2659 1034 2725 sint
1056 2659 1203 2743 producti
1227 2662 1277 2724 det

128 2767 323 2832 coniunctivi
348 2766 497 2850 exempla
519 2764 605 2831 Pers.
630 2765 655 2849 1,
678 2769 708 2849 2,
735 2768 783 2830 16.
808 2765 850 2849 ΙΙ,
873 2767 903 2851 5,
927 2768 984 2831 26:

217 2908 278 2974 Sed
303 2911 483 2994 legirupam
508 2909 563 2995 qui
588 2909 728 2987 damnet,
752 2911 801 2973 det
822 2909 856 2973 in
881 2909 1060 2993 publicum:

216 3016 261 3082 Et
283 3015 399 3081 mulier
426 3019 464 3080 ut
492 3015 536 3080 sit
558 3013 667 3081 libera
690 3020 789 3098 atque
812 3015 882 3098 ipse
905 3015 992 3079 ultro
1015 3016 1065 3079 det
1087 3017 1272 3097 argentum:

129 3158 341 3244 Captivorum
366 3164 475 3224 autem
498 3180 611 3222 versus
635 3156 678 3241 ΙΙ,
702 3159 731 3241 2,
758 3158 797 3221 10
821 3157 866 3222 sic
889 3157 1121 3241 restituendus:

215 3300 329 3385 Ne'que
352 3301 512 3384 tenebis,
536 3300 564 3365 si
588 3299 664 3366 hino
688 3300 852 3384 abeamus,
875 3298 905 3364 si
924 3301 996 3380 fuat
1019 3301 1153 3365 occisio.

126 3445 250 3511 Eadem
274 3444 358 3508 ratio
380 3445 457 3510 uelit
478 3443 567 3509 verbi
590 3442 675 3508 Men.
698 3443 778 3527 prol.
801 3443 858 3507 49:

221 3588 306 3669 Velit,
329 3587 482 3653 audacter
504 3584 665 3672 imperato
689 3592 722 3652 at
745 3585 856 3651 dicito:

127 3731 206 3795 item
225 3729 313 3794 Trin.
333 3731 408 3813 306,
431 3736 467 3796 ut
490 3732 595 3816 capite
614 3728 675 3795 XV
700 3732 744 3814 [p.
760 3746 891 3794 ccxrssx
911 3726 1020 3815 (463)]
1044 3728 1178 3814 planum
1202 3728 1270 3792 fiet:
1295 3822 1296 3825 Ἴ

232 3864 239 3882 Ι

215 3889 333 3954 Vtrum
352 3890 439 3954 itane
460 3912 530 3955 esse
548 3890 676 3955 amaretit
695 3894 731 3954 ut
746 3911 819 3954 eum
835 3890 962 3954 animus
977 3911 1114 3973 aequom
1132 3890 1247 3955 oe'nsea

1248 3895 1270 3954 t.

125 4032 215 4098 Haec
243 4033 272 4097 si
299 4033 395 4098 fidem
422 4033 557 4116 habent,
586 4032 683 4097 simul
710 4032 795 4098 hanc
822 4032 887 4096 vim
915 4033 1035 4099 habere
1057 4054 1188 4098 necesso
1211 4035 1271 4116 est,

124 4144 161 4204 ut
189 4162 208 4204 a
236 4142 332 4206 metri
361 4141 489 4226 quidem
517 4139 625 4204 vitiati
656 4139 837 4222 suspitione
864 4137 980 4203 Militis
1009 4160 1136 4203 versum
1160 4137 1216 4222 IV,
1239 4141 1269 4223 6,

125 4247 167 4311 29
191 4247 342 4312 liberent:

165 4493 171 4505 ’
213 4494 238 4563 *l
259 4493 313 4565 [Cf.
333 4494 404 4551 Nov.
423 4512 481 4551 exc.
500 4494 592 4550 Plaut.
612 4497 623 4550 Ι
643 4513 669 4565 p.
690 4494 789 4566 68sq.]
