2992 5004
437 343 700 393 nusunsrrours
724 344 931 392 susurrans.
1191 327 1255 392 301
1357 417 1359 421 y

109 489 170 573 ligi
204 492 315 573 potest
346 511 428 573 quae
462 489 593 554 uberius
626 488 837 554 disseruimus
869 487 975 553 Musei
1008 488 1111 552 nostri
1144 487 1258 572 philol.
1336 522 1337 527 κ

108 600 132 662 t.
156 595 203 660 IV
227 618 257 680 p.
280 595 345 661 568
361 618 430 680 sqq.
456 597 511 676 [=
531 594 648 681 Opusc.
673 595 751 680 phil.
773 594 807 660 II
830 619 860 680 p.
875 597 940 661 319
956 598 1048 680 sqq.].
1086 594 1259 661 Praeterea

110 703 178 768 veri
202 702 308 768 simile
337 705 388 767 est
416 703 556 767 caruisse
579 703 673 767 illurn
696 725 909 787 personarum
932 702 1019 767 notis
1042 701 1076 765 in
1100 701 1258 767 continui·

110 813 177 875 tate
201 830 396 893 sermonum,
420 831 478 893 pro
502 810 611 893 eisque
636 831 739 874 vacua
762 809 870 893 spatia
892 808 1046 873 habuisse
1064 807 1166 873 minio
1185 829 1258 891 sup·

110 910 242 1001 plenda:
266 914 448 1000 quodcum
472 915 622 999 deinceps
644 937 712 980 non
734 915 835 996 fieret,
859 913 968 979 evenit
991 918 1027 978 ut
1050 914 1256 998 postmodum

111 1023 160 1110 (in
183 1046 204 1100 γ
228 1020 322 1107 puto)
351 1023 454 1088 multa
482 1023 770 1089 sermocinantium
798 1021 930 1087 nomina
954 1043 971 1086 e
995 1023 1180 1087 coniectura
1202 1020 1257 1086 ad-

111 1130 216 1196 denda
248 1134 365 1196 essent.
411 1128 527 1197 Secuta
561 1134 611 1196 est
644 1152 682 1195 ea
713 1133 819 1214 aetas,
850 1151 916 1213 qua
947 1133 980 1195 et
1009 1128 1257 1212 Amphitruonis

111 1259 246 1303 scaenae
278 1238 436 1322 quaedam
468 1241 501 1302 et
534 1258 696 1302 unacum
719 1236 909 1302 Aululariae
946 1235 1035 1301 exitu
1069 1236 1259 1321 contiguum

110 1345 307 1430 principium
322 1345 521 1410 Bacchidum
535 1344 776 1410 interciderunt.
809 1345 870 1409 His
890 1344 992 1429 igitur
1004 1342 1153 1427 partibus
1172 1363 1258 1406 care-

112 1451 171 1516 bat
197 1452 226 1516 is
250 1451 350 1517 codex
374 1474 470 1536 quern
494 1457 512 1533 β
534 1451 646 1517 littera
671 1452 885 1538 signavimus,
919 1451 1064 1535 integras
1088 1449 1259 1515 etiamtum

111 1557 278 1643 Casinam,
310 1555 528 1624 Cistellariam
556 1563 724 1644 totamque
747 1556 950 1622 Vidulariam
977 1561 1106 1641 tenens,
1139 1557 1259 1641 quippe

111 1688 191 1750 quas
214 1665 342 1731 fabulas
367 1666 513 1750 integras
537 1668 628 1730 sesto
652 1664 782 1730 saeculo
806 1664 991 1729 Priscianus
1014 1667 1180 1728 tractaret.
1220 1662 1260 1727 ln

112 1773 224 1839 eodem
244 1773 295 1837 vel
314 1770 458 1852 eiusdem
486 1771 615 1856 generis
643 1771 751 1837 codice
775 1775 855 1854 puto
879 1769 1100 1835 Mostellariae
1124 1792 1258 1835 scaenas

112 1881 253 1964 primum
272 1880 425 1945 traiectas
444 1901 529 1944 esse:
548 1879 664 1944 harum
683 1879 770 1943 enim
790 1878 959 1942 turbarum
972 1877 1139 1962 Parergon
1153 1898 1183 1960 p.
1193 1878 1258 1942 439

111 1988 294 2053 monstravi
317 2010 390 2052 eam
412 1988 574 2053 rationem
598 2008 677 2071 esse,
701 1986 799 2067 utde
822 1987 1007 2051 vicenorum
1030 1981 1096 2070 (vel
1118 1985 1260 2050 fortasse

112 2095 186 2182 xxl)
217 2118 369 2161 versuum
397 2095 528 2181 paginis
555 2093 766 2179 cogitandum
795 2094 851 2158 sit:
892 2096 945 2158 tot
976 2092 1077 2178 igitur
1108 2114 1260 2158 versuum

114 2225 300 2268 mensuram
337 2201 449 2290 (quarn
486 2202 574 2268 vides
611 2224 712 2287 parvo
749 2201 934 2267 discrimine
971 2199 1012 2264 ab
1050 2199 1260 2266 Ambrosiani

113 2332 229 2375 norma
252 2309 390 2396 distare)
419 2309 522 2375 codici
548 2314 566 2390 β
593 2330 631 2375 eo
659 2309 871 2374 confidentius
895 2309 1021 2392 tribuo,
1053 2329 1117 2392 quo
1140 2308 1259 2373 certius

113 2416 177 2481 iam
206 2439 305 2500 supra
332 2417 484 2502 apparuit
512 2415 613 2480 alium
636 2439 789 2481 versuum
811 2437 979 2481 numerum
1003 2414 1035 2482 h.
1059 2437 1085 2480 e.
1108 2437 1260 2480 senorum

114 2527 147 2588 et
169 2523 356 2589 vicenorum
379 2524 412 2588 in
437 2545 475 2589 eo
498 2521 610 2606 fuisse,
633 2521 717 2588 unde
741 2523 844 2588 nostri
863 2521 1082 2606 antiquissimi
1102 2523 1261 2606 originem

113 2630 280 2696 duxerunt.
321 2630 417 2696 Hune
439 2653 459 2707 γ
483 2629 563 2694 dixi:
586 2630 642 2714 qui
666 2652 731 2714 qua
754 2630 940 2696 condicione
963 2634 1033 2694 tum
1057 2629 1164 2715 fuerit,
1188 2653 1259 2696 curn
1275 2653 1375 2692 xxxrx

113 2742 281 2822 tamquam
300 2737 450 2803 traduces
469 2737 551 2802 alios
570 2738 706 2821 peperit,
729 2738 809 2804 satis
829 2738 943 2803 docere
961 2736 1119 2802 hodierna
1138 2738 1260 2821 species

114 2843 299 2909 fabularum
328 2843 552 2908 Plautinarum
579 2847 702 2928 potest,
733 2844 926 2929 praesertim
954 2864 1028 2907 oum
1051 2843 1261 2910 Ambrosiani

114 2951 262 3036 exemplo
290 2955 486 3036 comparata.
531 2951 617 3016 Nam
645 2973 719 3016 cum
742 2952 992 3036 Amphitruonis
1002 2951 1034 3038 ²³)
1057 2951 1261 3016 Aululariae-

114 3079 176 3142 que
194 3062 227 3123 et
244 3057 444 3124 Bacchidum
463 3060 596 3123 lacunas
610 3062 707 3143 atque
721 3058 943 3125 Mostellariae
962 3059 1074 3123 turbas
1093 3062 1260 3144 tamquam

114 3166 294 3232 hereditate
317 3166 504 3250 accepisset,
526 3188 611 3231 nova
635 3165 742 3231 clades
765 3166 845 3231 haee
869 3166 1015 3247 accessit,
1038 3171 1128 3231 utet
1146 3167 1180 3231 in
1198 3168 1261 3232 fine

114 3277 282 3339 truncatus
297 3273 467 3338 Vidularia
490 3277 613 3338 careret
636 3278 669 3339 et
691 3274 727 3338 in
750 3274 856 3358 priore
879 3276 972 3358 parte
995 3272 1145 3357 plurimis
1164 3297 1261 3339 mem·

96 3380 225 3445 'branis
249 3380 425 3464 deperditis
449 3380 541 3445 valde
565 3379 712 3444 mutilam
736 3379 872 3445 haberet
896 3376 1115 3446 Cistellariam
1138 3385 1171 3446 et
1194 3404 1261 3446 orn·

115 3487 193 3552 nino
216 3508 282 3552 non
306 3486 418 3570 paucis
441 3487 476 3550 in
499 3486 589 3571 locis,
613 3485 751 3553 Casinas
771 3487 978 3571 potissimum
998 3491 1031 3554 et
1049 3486 1261 3572 Cistellariae,

116 3595 184 3660 sive
212 3595 276 3659 situ
305 3597 338 3658 et
361 3592 491 3658 madore
516 3593 649 3659 affectus
674 3595 741 3660 sive
765 3595 875 3679 aliquo
899 3617 976 3660 casu
999 3595 1086 3661 lacer
1108 3595 1173 3680 legi
1195 3616 1262 3660 non

117 3757 328 3764 ——ffl-

205 3842 232 3911 *)
251 3840 293 3897 De
313 3859 370 3898 una
387 3842 592 3913 Amphitruone
615 3842 674 3898 sc'io
697 3842 820 3898 dubitari
842 3859 923 3914 posse
942 3845 1036 3898 utrum
1054 3842 1112 3899 iam
1130 3843 1206 3914 prius
1225 3861 1262 3899 an

115 3948 189 3986 nuno
216 3931 328 3985 demum
352 3931 484 3987 mutilata
507 3931 557 3986 site
585 3931 697 4000 quando
720 3932 755 3988 de
779 3931 922 3988 Prisciano
946 3949 1003 3987 non
1025 3933 1094 3988 satis
1112 3935 1190 3989 certa
1208 3950 1262 4002 res,

117 4021 229 4092 prolata
246 4037 280 4076 ex
298 4020 451 4092 deperditis
470 4022 578 4077 scaenis
593 4022 648 4077 duo
662 4021 826 4078 testimonia
840 4025 933 4077 utrum
948 4021 1154 4093 antiquioribus
1167 4040 1262 4093 gram·
1334 4046 1336 4050 ¹

117 4110 229 4166 msticis
246 4113 364 4181 accepta
382 4111 486 4166 referat
504 4129 541 4166 an
559 4128 626 4167 suae
645 4111 759 4167 lectioni
778 4112 887 4167 debeat.
906 4143 942 4152 —
960 4112 1033 4166 Item
1053 4113 1129 4167 certo
1147 4111 1261 4168 demon·

117 4200 206 4254 strare
225 4198 297 4254 illud
314 4215 432 4270 nequeo,
452 4198 567 4256 casinae
587 4199 819 4270 Cistellariaeque
837 4200 954 4257 lacunas
967 4200 1186 4272 Vidulariaeque
1204 4201 1261 4256 iac-

115 4289 208 4342 turam
226 4288 348 4359 primum
363 4288 393 4343 in
405 4306 424 4355 γ
438 4290 587 4360 exstitisse,
606 4306 658 4346 nec
676 4289 706 4344 in
724 4291 755 4344 δε
773 4289 885 4344 demum
899 4290 990 4346 saetas
1005 4307 1073 4347 esse.
1102 4290 1143 4346 De
1157 4289 1261 4345 talibus

117 4377 251 4445 quoniam
275 4378 305 4433 in
330 4380 477 4449 utramque
502 4383 612 4451 partem
637 4378 787 4448 disceptari
812 4381 919 4449 potest,
945 4381 1026 4451 posui
1048 4379 1123 4450 quod
1146 4379 1262 4435 suadere

116 4464 179 4536 ipsa
196 4466 237 4521 rei
255 4467 441 4537 probabilitas
460 4469 608 4527 videretur.
