2940 5004
411 343 677 391 sirannarronrs
702 343 906 390 ruavrmsa.
1173 328 1236 391 527

94 488 213 554 mentis
236 492 307 553 tum
331 489 365 553 in
389 489 469 572 ipsis
492 488 612 554 fabulis
636 485 792 553 admisso:
826 488 856 551 id
881 486 966 572 quod
989 509 1041 573 ea,
1074 512 1172 574 quam
1196 490 1237 554 ab

91 596 185 660 initio
218 596 484 678 commemoravi,
516 596 791 663 commentatione
826 595 906 659 satis
939 618 996 680 per
1024 595 1153 680 singula
1185 596 1239 660 de·

93 707 292 768 monstrasse
316 702 434 768 videor.
472 701 554 770 Cum
577 703 744 768 Priscisno
768 703 796 767 si
819 703 913 767 nobis
937 724 988 766 res
1012 706 1107 787 esset,
1131 702 1238 767 crede·

92 832 160 875 rem
184 810 325 894 quidvis:
359 810 422 875 hoc
445 834 545 876 unum
569 832 634 876 uon
658 810 834 893 crederem,
862 810 914 876 vel
938 832 1038 873 unum
1062 811 1182 874 bonum
1206 815 1238 874 et
1255 835 1354 875 cccxx

93 917 285 983 concinnum
309 919 504 983 versiculum
528 918 569 982 ab
594 939 631 981 eo
655 939 829 1001 procusum
853 939 934 1001 esse,
957 918 1012 1002 qui
1036 917 1155 981 mixtos
1179 918 1238 981 sci-

92 1024 169 1089 licet
200 1047 217 1089 e
246 1027 410 1092 trochaico
439 1030 473 1089 et
501 1024 640 1089 iambico
668 1046 804 1089 numero
829 1022 1042 1088 Terentiauos
1067 1024 1141 1087 illos
1164 1027 1239 1089 conss

91 1154 226 1217 coquere
259 1134 367 1218 potuit
397 1132 511 1197 Adbuc
534 1131 680 1215 Archylis
712 1153 791 1214 quae
822 1131 961 1196 amount
988 1150 1123 1212 quaeque
1152 1152 1238 1213 opor-

94 1245 285 1325 meqs

180 1347 219 1411 ln
253 1347 472 1414 didascalia
503 1348 683 1413 Trinummi
720 1369 807 1411 nunc
839 1345 1007 1430 deperdita
1040 1345 1125 1429 quod
1158 1345 1236 1410 olim

91 1454 211 1519 lectum
231 1475 300 1518 esse
324 1455 445 1519 conieci
461 1455 627 1539 Parergon
642 1477 672 1538 p.
687 1456 762 1537 348,
785 1472 902 1518 sorau
925 1469 1030 1517 uvius
1054 1471 1239 1518 unornan-

94 1578 190 1626 sravs
215 1583 286 1626 eam
309 1562 455 1626 fabulam
479 1584 564 1645 esse,
588 1563 656 1627 eius
679 1583 731 1626 me
754 1561 956 1627 coniecturae
979 1583 1045 1625 non
1069 1561 1238 1645 paenituit.

91 1668 302 1753 Impugnavit
322 1674 432 1735 tamen
453 1692 525 1736 eam
542 1670 713 1735 Eduardus
728 1668 870 1734 Meicrus
892 1673 1003 1733 noster
1025 1690 1063 1733 eo
1080 1690 1238 1733 commen-

91 1775 219 1858 tariolo,
236 1776 326 1841 cuius
341 1798 409 1860 cap.
423 1775 455 1840 ΙΙ
471 1774 586 1860 [Trin.²
597 1776 696 1860 praef.
706 1800 735 1861 p.
746 1775 839 1857 XIX]
854 1776 978 1840 mentio
992 1775 1080 1840 facta
1093 1778 1152 1859 est,
1176 1775 1238 1839 hoc

90 1883 219 1967 quidem
241 1887 432 1968 argumento
456 1906 533 1947 usus
558 1884 652 1968 quod,
676 1905 748 1948 eum
772 1905 832 1969 ego
856 1887 942 1949 recte
965 1884 1254 1948 demonstrassem‘

89 2012 148 2054 neo
167 1989 323 2054 Romanis
340 1989 425 2055 ludis
445 1997 503 2055 nec
522 1990 645 2075 plebeis
669 2012 728 2054 nec
749 1990 996 2073 Apollinaribus
1015 2011 1111 2075 posse
1131 1993 1237 2054 actam

92 2118 171 2181 esse,
185 2119 250 2161 nou
266 2097 462 2181 cogitassem
482 2097 521 2160 de
539 2094 624 2161 ludis
636 2096 843 2162 funebribus.
872 2097 1022 2182 Cogitavi
1039 2119 1099 2183 ego
1118 2097 1157 2160 de
1171 2096 1237 2160 illis

91 2202 254 2287 profecto,
282 2203 337 2267 sed
366 2205 403 2268 ut
425 2204 538 2269 alienis
563 2205 605 2269 ab
628 2204 689 2269 hac
714 2205 911 2289 quaestione.
956 2204 1145 2287 Eodemque
1168 2201 1237 2266 iure

90 2313 188 2393 atque
219 2310 298 2375 adeo
329 2309 452 2374 maiore
482 2310 544 2374 dici
576 2314 728 2394 potuerat
758 2333 809 2375 me
840 2334 905 2375 non
933 2310 1095 2395 cogitasse
1123 2309 1163 2373 de
1191 2309 1237 2372 eis

90 2414 172 2479 ludis
197 2438 277 2501 quos
301 2416 496 2482 dedicandae
520 2417 609 2482 aedis
629 2440 745 2483 caussa
762 2417 868 2483 factos
887 2439 956 2482 esse
976 2417 1103 2482 ostendi
1121 2440 1151 2500 p.
1163 2416 1236 2480 287.

91 2522 164 2586 296.
216 2523 343 2607 Quippe
376 2523 485 2589 dedita
518 2546 616 2608 opera
648 2525 689 2588 ab
723 2523 1002 2607 extraordinariis,
1034 2523 1146 2607 quales
1179 2542 1260 2605 per·

90 2629 231 2694 rariores
255 2631 516 2714 opportunitates
539 2631 609 2696 ficri
631 2636 821 2715 potuerunt,
849 2636 952 2696 statos
981 2630 1074 2694 ludos
1098 2629 1236 2693 discrevi

90 2737 145 2820 qui
169 2737 266 2801 certis
290 2736 404 2802 diebus
427 2739 602 2822 quotannis
625 2739 778 2822 redirent,
801 2739 981 2823 horumque
1000 2737 1143 2801 solorum
1163 2757 1235 2799 con·

90 2836 232 2908 stantem
261 2845 479 2930 frequentiam
510 2845 746 2931 respiciendam
777 2846 889 2930 putavi
920 2845 975 2908 ubi
1008 2866 1074 2908 non
1103 2847 1171 2906 tam
1203 2841 1235 2905 id

93 2956 245 3034 ageretur
267 2957 304 3016 ut
326 2951 538 3017 concludendi
561 2952 755 3018 necessitate
779 2975 904 3036 verum,
926 2972 1024 3037 quam
1048 2938 1089 3014 ut
1107 2948 1236 3013 ratioci-

88 3059 190 3124 nandi
218 3058 451 3144 probabilitate
475 3059 614 3127 maxime
638 3057 743 3122 simile
766 3058 834 3122 veri
858 3062 1033 3122 erueretur.
1077 3054 1123 3120 Et
1145 3054 1234 3117 fune·

91 3166 163 3230 bres
193 3167 323 3250 quidem
350 3165 443 3231 ludos
473 3167 560 3249 ipsos
589 3165 739 3250 quotiens
764 3167 895 3229 omnino
920 3165 978 3230 illa
1001 3167 1107 3228 aetate
1130 3161 1235 3226 factos

90 3295 159 3338 esse
188 3273 312 3339 Romae
340 3273 552 3358 putabimus?
598 3272 637 3338 In
665 3274 783 3358 quibus
813 3272 898 3358 quod
921 3272 1067 3354 haerere,
1095 3292 1168 3335 cum
1196 3269 1235 3333 de

90 3379 273 3446 fabularum
297 3381 525 3446 commissione
549 3381 724 3466 quaeritur,
747 3382 902 3465 cogitatio
926 3383 1038 3445 nostra
1061 3377 1235 3459 consuevit,

91 3487 125 3551 id
149 3488 229 3552 satis
254 3487 410 3572 singulari
434 3510 510 3552 casu
534 3489 685 3553 effectum
709 3488 771 3551 hoc
795 3489 858 3570 est,
885 3484 971 3571 quod
995 3507 1012 3549 c
1037 3507 1092 3550 sex
1115 3483 1235 3548 fabulis

90 3591 293 3657 Terentianis
322 3593 401 3658 duas
430 3594 586 3658 traditum
617 3598 667 3658 est
695 3611 754 3678 per
776 3592 960 3658 funebrium
984 3592 1147 3675 ludorum,
1180 3589 1235 3654 sed

90 3697 274 3782 eorundem,
297 3700 500 3765 occasionem
524 3704 613 3765 actas
637 3723 717 3765 esse.
762 3698 885 3765 Verum
913 3700 947 3764 hi
974 3700 1043 3764 ludi
1065 3698 1234 3764 recordan-

89 3803 166 3868 dum
194 3809 244 3868 est
271 3803 306 3867 in
334 3805 423 3868 cuius
451 3806 607 3871 honorem
630 3807 710 3871 facti
734 3806 815 3871 sint:
852 3806 908 3892 qui
931 3806 994 3871 fuit
1016 3807 1050 3872 L.
1075 3805 1234 3870 Aemilius

90 3911 233 3995 Paullus,
257 3911 357 3975 viret
376 3914 570 3977 auctoritate
590 3918 624 3977 et
642 3914 751 3997 gratia
769 3914 882 3997 populi
901 3914 934 3978 iu
953 3915 1065 3997 paucis
1085 3912 1234 3998 insignis,
1248 3935 1360 3977 ocoxxr

90 4042 187 4104 quem
211 4019 368 4104 singulari
391 4019 513 4103 pietate
537 4019 575 4096 Q.
597 4018 718 4085 Fabius
742 4023 776 4084 et
798 4020 832 4085 P.
852 4018 1020 4088 Cornelius
1044 4022 1103 4087 filii
1125 4042 1233 4106 prosc·

89 4128 157 4193 cuti
181 4131 270 4193 suut:
307 4126 387 4191 adeo
411 4131 448 4192 ut
470 4128 622 4193 inusitati
645 4128 779 4193 honoris
803 4130 1012 4214 praecipuam
1034 4129 1233 4193 mentionem

90 4236 264 4320 scriptores
287 4234 396 4299 dedita
421 4257 521 4319 opera
542 4235 694 4317 fecerint,
718 4234 913 4300 Plutarchus
936 4237 992 4301 vit.
1015 4236 1107 4300 Aem.
1131 4256 1156 4299 c.
1180 4234 1233 4318 39,

89 4339 251 4406 Diodorus
266 4343 344 4408 Exc.
363 4365 393 4426 p.
409 4343 474 4409 584
490 4365 545 4427 sq,
568 4342 723 4426 Polybius
747 4342 784 4406 fr.
808 4342 828 4406 l.
843 4340 977 4427 XXXII,
994 4345 1043 4408 14.
1086 4342 1145 4409 sat
1167 4344 1231 4408 usi·
1327 4354 1338 4370 ‘

89 4451 178 4512 tatus
206 4472 346 4534 pompae
373 4449 518 4514 funebris
547 4448 699 4533 splendor
726 4448 790 4512 fuit
817 4454 851 4511 et
874 4449 983 4514 varius
1006 4451 1231 4534 exsequiarum
