2992 5004
481 337 749 388 aununnrrouis
772 337 982 387 ensvnmnn.
1240 320 1304 386 287

163 480 321 566 quissimo
334 481 475 565 Vergilii
495 483 596 549 codici
609 481 780 567 Vaticano,
802 482 912 567 paullo
936 480 1151 565 antiquiorem
1170 484 1208 544 ut
1226 485 1305 565 puto

162 587 277 653 ceteris
301 589 357 674 qui
382 592 512 655 exstant
530 590 642 655 latinis
662 590 755 655 libris
774 588 1019 674 antiquissimis,
1043 587 1141 653 etiam
1155 586 1307 652 Bembini

163 694 272 760 codice
295 694 447 760 Terentii.
492 696 658 761 Posterior
681 697 858 780 scriptura,
891 717 955 781 qua
982 694 1076 761 valde
1104 694 1176 759 rudi
1204 696 1237 758 et
1259 693 1307 758 in-

115 864 119 873 ,
163 800 295 866 condita
309 801 438 867 Veteris
454 801 654 869 Testamenti
678 798 808 888 quidam
831 802 906 867 libri
930 801 1053 867 exarati
1078 805 1162 884 sunt,
1185 800 1306 866 saeculi

166 904 262 970 VIIII
295 910 354 973 est.
414 906 567 994 Singulae
600 910 807 976 membranae
840 932 920 996 quas
954 932 1090 995 quarum
1121 907 1307 972 fabularum

162 1015 272 1096 partes
298 1018 445 1100 teneant,
476 1017 510 1080 in
539 1017 740 1103 singularum
767 1016 952 1082 fabularum
980 1014 1239 1100 praefationibus
1263 1014 1306 1078 di·

163 1141 249 1204 cam,
280 1120 314 1185 in
342 1122 406 1186 fine
433 1126 542 1188 autem
571 1124 678 1208 operis
707 1146 771 1189 uno
795 1125 828 1189 in
852 1127 1026 1210 conspectu
1049 1123 1230 1189 collocabo:
1266 1121 1307 1186 ad

164 1225 388 1294 Trinummum
411 1229 493 1295 haec
515 1235 666 1314 spectant
689 1252 771 1316 quae
794 1231 879 1297 infra
901 1232 1005 1317 posui.

251 1333 383 1421 Integer
406 1336 505 1402 codex
529 1337 700 1403 Plautinus
723 1359 797 1402 cum
821 1340 1012 1405 octonarum
1037 1337 1308 1421 membranarum,

164 1440 215 1505 vel
251 1443 361 1526 potius
398 1447 630 1530 quaternorum
666 1446 929 1511 membranarum
966 1446 1109 1531 parium,
1144 1443 1307 1509 fasciculis

163 1550 360 1632 compositus
384 1552 496 1637 fuerit,
524 1575 604 1639 quos
632 1552 728 1617 hodie
752 1554 982 1638 quaterniones
1005 1573 1121 1618 vocare
1144 1550 1308 1616 consuevi-

164 1677 249 1720 mus:
281 1656 365 1722 tales
392 1644 565 1723 fasciculos
593 1659 720 1744 integra
749 1659 861 1725 fabula
890 1660 1074 1744 complebat
1097 1661 1252 1742 quattuor
1275 1663 1309 1720 et

166 1763 347 1848 dimidium,
384 1764 436 1830 his
469 1787 524 1831 eos
556 1765 697 1831 numeris
730 1765 763 1830 in
796 1765 983 1830 ultimarum
1015 1766 1207 1852 paginarum
1240 1763 1306 1828 imo

165 1870 310 1956 margine
339 1871 499 1956 signatos:
531 1871 599 1957 LV,
626 1870 714 1957 LVI,
743 1869 878 1957 (LVII,)
906 1870 1027 1956 LVIII,
1055 1867 1217 1956 (LVIllI).
1262 1867 1308 1934 Hi

163 1976 308 2042 fasciculi
331 1999 412 2062 quas
435 1978 513 2043 olim
538 1977 749 2046 continebant
766 1977 946 2044 Trinummi
969 1978 1174 2043 membranas
1197 1998 1252 2041 sex
1275 1978 1309 2039 et

161 2083 315 2169 triginta,
347 2105 457 2148 earum
484 2084 580 2149 hodie
608 2087 736 2149 tantum
764 2084 987 2171 duodeviginti
1011 2084 1200 2169 superstites
1225 2086 1308 2166 sunt,

163 2189 229 2253 sive
257 2211 374 2255 novem
402 2190 663 2256 membranarum
692 2192 956 2276 complicatarum
984 2192 1091 2277 paria:
1127 2213 1203 2256 uam
1231 2212 1308 2256 casu

66 2318 70 2319 ⁷
161 2296 283 2362 factum
307 2301 358 2362 est
380 2301 417 2362 ut
439 2298 575 2364 duorum
599 2300 726 2383 parium
749 2321 906 2385 compage
926 2300 1034 2366 soluta
1052 2321 1137 2364 nunc
1156 2301 1309 2385 quattuor

164 2404 370 2469 membranae
394 2405 578 2490 singulares
601 2408 742 2470 exstent:
770 2428 853 2491 quae
877 2409 955 2471 sunt
977 2405 1124 2471 fasciculi
1147 2404 1221 2471 LVI
1244 2409 1307 2471 ter·

162 2510 210 2574 tia
232 2514 266 2574 et
289 2513 382 2575 sexta
404 2511 545 2596 itemque
569 2512 666 2577 tertia
688 2515 721 2577 et
739 2514 831 2578 sexta
849 2512 1051 2600 insequentis
1071 2513 1224 2579 fasciculi.
1255 2511 1307 2576 ln-

163 2623 256 2702 teger
279 2620 387 2681 autem
410 2639 493 2683 unus
517 2620 645 2683 tantum
667 2618 843 2684 fasciculus
863 2624 1019 2705 superest,
1042 2620 1098 2706 qui
1117 2624 1167 2684 est
1186 2619 1308 2684 exiliis

166 2725 259 2790 alter:
293 2723 491 2809 reliquorum
515 2723 591 2808 quid
615 2728 649 2788 et
671 2728 828 2809 quantum
852 2729 1015 2791 servatum
1039 2727 1096 2810 sit,
1119 2725 1308 2810 planissime

165 2853 203 2897 ex
226 2831 288 2895 bac
312 2852 408 2915 quam
433 2830 554 2895 subieci
577 2830 692 2895 tabula
714 2836 860 2917 apparet,
882 2832 915 2897 in
939 2854 1003 2917 qua
1026 2831 1362 2916 littarisdeperdi·1x

164 2942 232 3023 tas,
265 2939 409 3001 servatas
438 2940 547 3001 autem
569 2937 776 3001 membranas
800 2938 845 3003 eis
869 2939 1011 3004 numeris
1034 2940 1160 3023 notavi,
1192 2939 1308 3023 quibus

163 3043 354 3130 paginarum
380 3042 525 3108 ordinem
547 3043 739 3128 posterioris
764 3045 941 3129 scripturae
960 3044 1078 3132 Angeli
1101 3045 1168 3111 Mai
1193 3069 1307 3112 manus

164 3147 426 3235 significavit.*)'

305 3324 476 3396 Paginarnm
495 3325 562 3382 ordo
670 3327 794 3383 fabulae
813 3329 907 3398 partes
1051 3325 1162 3384 Codicis
1181 3327 1308 3384 fasciculi

400 3435 453 3499 35.
476 3435 519 3499 36
544 3465 586 3490 =
657 3437 975 3502 1—19et20-22

403 3542 453 3606 19.
476 3543 519 3607 20
543 3572 585 3596 ==
631 3543 762 3608 23-38
786 3547 820 3607 et
842 3544 973 3609 39-57

365 3698 367 3703 ,
400 3647 452 3715 37.
475 3649 517 3714 38
542 3680 584 3702 =
630 3649 762 3715 58—76
786 3652 820 3713 et
843 3649 975 3714 ‘ll—95

398 3753 437 3821 A.
460 3777 489 3820 a.

361 3803 435 3929 la.
458 3861 488 3926 a.

396 3969 450 4034 43.
473 3969 517 4032 44
543 3999 583 4020 =
610 3968 1041 4034 lla-1900t191—209

398 4074 451 4141 29.
475 4074 518 4140 30
542 4105 584 4128 =
608 4075 784 4140 alo-226
808 4079 841 4139 et
864 4076 1042 4141 aar—244

1120 3808 1176 3874 LV

397 4180 450 4245 45.
473 4181 516 4245 46
542 4212 584 4234 =
608 4182 784 4246 244-264
808 4185 841 4246 et
864 4183 1041 4247 264-282

163 4307 375 4317 m

252 4357 279 4427 *)
304 4357 393 4429 [Haec
420 4355 520 4413 tabula
547 4357 669 4428 repetita
693 4359 737 4412 est
760 4358 789 4412 in
814 4356 988 4428 praefatione
1014 4356 1129 4415 alterius
1152 4359 1308 4418 Trinummi

162 4446 296 4504 editionis
315 4465 342 4519 p.
363 4446 428 4500 Xlll
442 4446 497 4517 sq]
