2992 5004
416 364 678 412 unnunnrrours
703 365 910 412 Pnavrrnnn.
1179 349 1243 412 309

96 508 288 591 terpolatnc:
314 506 459 591 qualium
482 507 518 572 in
540 529 675 573 numero
699 529 772 573 cum
790 509 831 573 H
850 512 920 573 tum
939 509 978 573 K
997 512 1083 593 sunt,
1105 509 1244 573 fortasse

96 614 193 679 etiam
223 613 268 678 lo.
297 613 466 696 Baptistae
498 613 549 678 Pii
581 613 724 698 itemque
757 613 905 699 Dionysii
937 613 1088 680 Lambini
1121 614 1244 699 ‘prisca

95 719 308 805 exemplaria’
337 720 389 786 vel
417 720 559 806 ‘antiqui
587 720 735 806 codices’,
763 723 819 807 qui
848 726 959 788 tamen
983 725 1122 807 possunt
1145 722 1241 786 ctiam

96 851 228 914 prorsus
248 827 383 913 congrui
402 850 474 894 cum
497 829 589 894 FEb
612 828 721 893 fuisse.

184 934 235 1000 Ad
264 935 401 1000 mixtum
429 940 538 1000 autem
566 955 669 1021 genus
697 935 759 1001 etsi
787 936 820 1000 Z
839 936 986 1020 proxime
1014 937 1150 1020 aceedit,
1179 959 1243 1002 non

95 1048 205 1109 tamm
233 1043 293 1108 tali
320 1066 338 1108 e
366 1042 474 1108 codice
502 1065 655 1128 expressa
684 1048 746 1108 est:
779 1043 878 1108 immo
907 1047 965 1109 aut
993 1044 1109 1110 similis
1136 1045 1243 1110 nostri
1257 1059 1335 1100 xmx

1 1220 23 1229 ,,
95 1153 129 1217 Ε
156 1152 239 1217 liber
268 1149 411 1216 Merulae
442 1155 571 1235 praesto
602 1151 665 1216 fuit
695 1155 866 1236 utramque
896 1152 928 1216 in
960 1173 994 1216 se
1023 1153 1242 1218 recensionem

95 1260 236 1344 socians,
266 1262 337 1343 aut,
367 1257 453 1343 quod
483 1257 648 1322 lubentius
679 1257 872 1342 amplector,
903 1257 1030 1322 duobus
1060 1256 1114 1321 ille
1145 1257 1242 1322 simul

95 1388 173 1431 usus
201 1369 263 1449 est,
291 1387 428 1450 quorum
457 1364 539 1453 alter
566 1364 851 1449 interpolationem
879 1364 1054 1450 integram,
1081 1365 1241 1450 integram

96 1471 262 1538 Vrsiniani
290 1472 484 1556 scripturam
512 1471 594 1536 alter
624 1471 766 1536 referret
813 1471 862 1537 De
892 1470 1083 1538 Trinummo
1113 1474 1242 1558 loquor:

94 1602 170 1645 nam
184 1578 381 1645 Bacchidum
400 1578 539 1664 quidem,
557 1577 791 1664 Mostellariae,
809 1578 1107 1664 Menaechmum,
1124 1578 1241 1644 Militis

93 1692 191 1772 atque
210 1687 400 1752 Mercatoris
420 1685 555 1771 nullum,
577 1685 609 1749 id
629 1685 715 1771 quod
733 1685 803 1770 ipse
822 1687 1038 1772 conqueritur,
1060 1686 1125 1750 uisi
1143 1687 1241 1751 iuter-

93 1795 238 1879 polatum
262 1794 381 1860 librum
405 1791 488 1878 (sive
513 1788 663 1878 ‘libros’)
687 1796 802 1858 nactus
826 1797 888 1877 est,
913 1815 1063 1878 eumque,
1086 1796 1123 1857 ut
1145 1792 1240 1857 facile

93 1902 271 1967 conferenti
295 1906 401 1986 patet,
429 1901 587 1987 gliscente
611 1900 818 1967 librariorum
841 1900 1051 1985 neglegentia
1074 1901 1113 1965 ad
1138 1904 1240 1965 extre·

94 2032 179 2074 mam
211 2009 444 2093 turpitudinem
476 2008 697 2092 depravatum.
743 2006 805 2072 Sed
839 2011 963 2091 septem
992 2008 1124 2072 ultimas
1154 2007 1240 2072 idem

91 2117 232 2181 laetatur
260 2115 439 2201 ‘simplices
468 2120 501 2181 ct
527 2117 668 2181 intactas
698 2138 718 2180 a
745 2113 949 2180 censoribus’
980 2136 1049 2179 sese
1077 2114 1241 2198 habuisse,

91 2227 125 2288 et
157 2223 358 2309 ‘quanquam
390 2223 577 2308 mendosas,
615 2222 719 2288 multo
758 2225 868 2287 tamen
901 2219 1068 2287 veriores'.
1117 2221 1240 2286 Verum

91 2353 172 2415 quas
199 2332 341 2397 intactas
370 2333 508 2416 accepit,
537 2330 745 2396 vehementer
772 2334 857 2395 erret
885 2329 940 2415 qui
968 2329 1107 2394 intactas
1134 2329 1239 2412 publi·

94 2459 184 2502 casse
207 2442 314 2522 putet:
343 2443 423 2524 quot
450 2438 535 2502 enim
559 2461 576 2502 c
600 2438 728 2503 novicia
755 2438 941 2502 recensione
966 2436 1144 2519 scripturas
1168 2458 1240 2519 par·

92 2544 152 2609 tim
175 2551 260 2638 recte
284 2546 405 2632 partim
429 2548 558 2629 praeter
577 2545 746 2611 veritatem
766 2544 930 2628 asciverit,¹
948 2543 1087 2628 singulis
1111 2543 1239 2628 paginis

91 2653 257 2717 annotatio
282 2657 394 2719 nostra
417 2653 518 2717 docet.
565 2651 668 2729 Quem
692 2652 748 2717 ille
771 2652 933 2717 delectum
957 2672 1052 2735 saepe
1075 2671 1141 2715 non
1170 2650 1238 2715 siue

92 2758 210 2825 iudicio
238 2760 363 2826 habuit.
410 2759 472 2835 Qui
499 2781 573 2824 cum
601 2760 670 2824 iure
699 2781 757 2824 suo
786 2756 839 2847 (ut
863 2781 879 2822 e
904 2756 1110 2822 multitudine
1134 2779 1238 2822 exem-

90 2865 218 2949 plorum
248 2888 306 2950 per
336 2870 480 2931 saturam
510 2867 668 2951 quaedam
699 2863 852 2950 delibem)
886 2888 905 2929 a
937 2866 1117 2929 correctore
1149 2863 1238 2929 velut

90 2973 275 3038 conducibile
306 2971 394 3058 (cum
426 2971 472 3059 A)
506 2964 681 3058 sumpserit
714 2995 742 3037 v.
775 2972 828 3055 36,
859 2993 890 3037 cs
925 2969 1012 3055 (cum
1046 2967 1094 3057 B)
1127 2995 1156 3035 v.
1185 2971 1238 3052 47,

91 3080 253 3162 ipsaniam
284 3082 355 3164 132,
381 3083 463 3165 quod
488 3102 572 3145 necue
602 3081 677 3163 141,
705 3082 748 3144 od
774 3084 801 3144 tc
831 3080 907 3161 161,
935 3079 981 3141 ito
1008 3083 1051 3142 est
1078 3075 1167 3161 (oum
1190 3078 1237 3163 A)

97 3185 166 3269 196,
193 3188 274 3268 quod
299 3187 374 3252 babit
397 3188 471 3271 250,
499 3189 570 3251 boui
593 3188 666 3270 272,
689 3208 753 3270 par
776 3187 838 3251 tuis
861 3183 949 3268 (cum
974 3184 1060 3270 AB)
1085 3185 1160 3268 279,
1187 3184 1237 3250 lto·

91 3294 204 3358 cirinen
232 3291 319 3380 (cum
343 3292 425 3381 AO)
453 3294 528 3377 308,
555 3296 736 3376 quaedamst
763 3293 850 3379 (oum
874 3290 922 3377 B)
950 3292 1025 3375 324,
1046 3297 1145 3374 parto
1172 3293 1235 3356 347

90 3399 178 3483 (cum
197 3399 252 3486 A),
275 3421 319 3465 cn
340 3403 444 3467 minias
462 3401 527 3466 349
552 3399 640 3486 (cum
663 3400 788 3466 eodem:
813 3422 889 3465 uam
912 3401 1041 3463 tautum
1065 3420 1235 3482 operarum

93 3507 173 3573 vitio
200 3509 321 3589 mimus
341 3506 558 3596 expressum),
586 3510 642 3577 tibi
669 3510 748 3592 472,
776 3510 864 3573 edom
893 3508 972 3590 474,
1000 3507 1115 3571 mirum
1141 3507 1176 3569 ni
1204 3510 1237 3570 tu

89 3616 182 3699 495,·
196 3615 480 3699 transpositionem
510 3638 621 3681 versus
650 3616 715 3682 510
743 3615 831 3702 (cum
860 3615 929 3680 solo
954 3612 1012 3701 A),
1039 3634 1139 3678 censae
1161 3610 1236 3695 563,

89 3723 233 3804 cnrquom
256 3727 320 3787 tom
343 3721 418 3806 574,
444 3725 532 3806 rapis
554 3724 628 3806 680,
656 3744 757 3806 ropcm
781 3724 853 3804 758,
881 3743 919 3787 ca
941 3722 1068 3786 selenitis
1092 3720 1165 3803 771,
1184 3741 1234 3803 qe·

89 3850 154 3894 rcre
175 3850 240 3894 rem
264 3829 337 3909 773,
361 3834 453 3894 terere
473 3830 546 3913 796,
568 3829 656 3894 habet
675 3830 749 3912 868,
771 3828 961 3893 obsirdbium
982 3850 1041 3911 pro
1065 3827 1236 3892 absentium

89 3935 164 4020 935,
191 3937 241 4001 cni
263 3956 327 3999 rem
351 3957 409 4019 pro
432 3957 491 4017 quo
514 3937 592 4000 irem
614 3936 689 4017 956,
716 3936 764 4000 ibo
787 3937 831 4000 od
852 3934 926 4017 995,
953 3954 1115 4016 nunqnam
1141 3934 1235 4017 1004,

89 4063 186 4108 osores
208 4065 267 4126 pro
290 4042 427 4106 homines
453 4041 547 4125 1028,
574 4044 642 4107 istis
668 4042 762 4126 1043,
787 4063 900 4123 αεαααα
928 4063 988 4125 pro
1016 4045 1114 4105 metuo
1140 4040 1234 4124 1132,
1247 4072 1266 4110 L

88 4154 121 4213 tn
143 4151 231 4214 nenia
258 4171 275 4212 e
303 4147 411 4216 Nouio
442 4149 542 4233 1156,
568 4149 685 4214 arbitro
717 4149 807 4213 1161
828 4146 917 4233 (cum
941 4146 1004 4234 Β),
1036 4148 1232 4232 omninoque

88 4278 127 4321 ea
156 4256 290 4339 omnies
308 4278 328 4319 a
357 4255 474 4340 quibus
504 4256 740 4340 discrepantem
771 4258 899 4320 tautum
930 4256 1123 4340 scripturam
1156 4254 1233 4320 solis

88 4362 206 4428 additis
229 4362 395 4430 BGDEc
418 4364 537 4428 litteris
560 4363 594 4428 iu
618 4362 831 4427 annotatione
854 4362 1032 4447 posuimus,
1055 4366 1091 4426 ut
1112 4384 1139 4425 v.
1159 4362 1232 4429 278.

89 4471 163 4535 311.
191 4469 266 4535 336.
293 4471 368 4536 354.
395 4472 474 4536 36οε
504 4474 612 4535 temen
642 4490 702 4534 nee
731 4469 766 4533 in
797 4468 870 4534 aliis
899 4475 1113 4535 correctorem
1141 4468 1233 4555 sequi
