2940 5004
375 368 446 415 ovo
469 367 733 414 Paooalnnilrn
756 366 939 414 PLAVTINA.
1162 346 1226 410 559

111 483 173 563 ’260
193 509 304 578 Ecquid
326 510 433 578 cratiae
455 523 534 577 quom
556 508 610 562 duc
631 507 714 574 foras
730 511 755 561 te
777 508 900 561 euocaui.
936 506 994 560 iam
1015 523 1083 560 uum
1100 522 1140 560 me
1158 505 1229 560 decet

1012 612 1039 649 rr

194 687 270 742 Oado
283 687 347 742 uiui
360 684 480 751 ueteris?
513 686 559 740 dic
576 685 642 740 dart
659 686 731 739 ndss‘l
749 685 898 756 respondes.
935 596 1029 739 Ζοηεηιῗα
1046 683 1111 737 buia
1129 684 1230 737 euadit

937 777 968 826 at
986 788 1033 842 coo
1051 772 1157 840 opinor.

86 907 138 955 246
170 903 245 967 falfa
266 903 333 968 funt
355 900 441 956 etiam
465 899 582 955 CDFZ:
608 900 748 971 glossema
765 915 826 952 esse
844 898 1019 953 Hermannus
1037 895 1123 964 vidit,
1152 895 1230 950 cuius

86 990 156 1046 haec
175 992 219 1045 est
236 991 335 1045 borum
354 1007 484 1046 vennam
502 987 663 1059 discriptio:

301 1114 392 1181 occur,
411 1119 521 1184 tanaerc
538 1116 570 1168 dt
587 1129 644 1168 mon
661 1114 742 1168 uta.
771 1157 777 1169 .
807 1156 813 1168 .
843 1155 848 1167 .

300 1205 371 1258 item
389 1219 564 1258 noseorum:
582 1205 640 1257 etue
658 1204 769 1257 seminis
787 1203 912 1257 mulierde
929 1206 1003 1266 aaut,

300 1293 429 1347 Inadlaae
448 1293 593 1347 admodum
611 1294 690 1361 dtque
708 1293 883 1346 inuendstatc
900 1289 1030 1362 [plenae]

229 1374 230 1377 ¹
405 1381 473 1436 Siue
490 1382 629 1436 munditia
647 1386 672 1436 ct
689 1382 808 1450 sumptu.

86 1506 180 1560 itidem
199 1506 231 1560 R.
269 1507 333 1560 item
351 1505 416 1559 libri
523 1511 575 1560 246
602 1505 677 1560 Eius
694 1507 816 1574 caninis]
835 1504 995 1571 eiuscernodi
1014 1504 1060 1557 ΡΖ
1168 1504 1231 1559 Non

86 1598 204 1664 possunt
222 1594 293 1648 haec
311 1594 399 1649 verba
416 1593 541 1649 eiusdem
559 1596 659 1665 poetae
679 1611 751 1664 esse,
775 1595 853 1649 cuius
871 1597 934 1649 itern
951 1611 1002 1650 nos
1019 1610 1113 1649 eumue
1131 1596 1198 1648 sunt

177 1691 228 1739 247
248 1684 400 1752 Lacunam,
419 1682 497 1738 cuius
517 1682 684 1753 significatio
702 1683 733 1738 in
751 1684 811 1738 solo
830 1682 853 1736 B
871 1683 912 1753 fit,
930 1683 1012 1738 licuit
1030 1685 1084 1739 boa
1103 1683 1231 1753 exemplo

88 1792 100 1827 s
223 1796 230 1828 ε

101 1776 218 1845 appleto
249 1864 380 1917 Inertlsae
397 1862 557 1927 admodum,
575 1861 793 1932 [incommodae]
812 1863 892 1930 litque
909 1861 1080 1917 inuendstac.

192 1989 354 2053 inuenultae
378 1987 406 2040 Z.
447 1987 622 2051 tumnultate
640 1984 726 2041 etiam
746 1983 833 2051 coa,
861 1987 1036 2056 inuenultatc
1053 1986 1108 2052 Dc,
1136 1988 1168 2040 'in
1186 2002 1231 2040 uc-

87 2078 236 2143 nuftateF
357 2082 409 2131 248
428 2076 570 2130 mundicia
590 2073 693 2129 CDFZ
816 2082 868 2130 249
893 2075 986 2146 Coqua
1004 2077 1043 2141 elt
1060 2074 1126 2130 libri

87 2184 134 2238 cao
152 2168 247 2222 om.F
356 2172 408 2221 260
427 2171 598 2220 maceremur
616 2163 645 2219 F.
673 2170 807 2220 macerent
827 2166 1001 2221 Camerarius
1107 2165 1233 2220 molestus

88 2255 261 2309 scribebatur
279 2257 345 2309 ante
363 2255 554 2309 Hermannum
692 2259 744 2307 261
756 2271 795 2322 sq.
821 2253 861 2308 sio
879 2253 904 2307 a
921 2253 1023 2310 deletis
1041 2254 1233 2325 glossematis:
1287 2272 1299 2291 ·

88 2344 154 2398 libri
172 2346 204 2399 ut
222 2345 253 2413 B,
281 2343 336 2398 nisi
355 2343 429 2413 quod
449 2346 480 2398 c'u
498 2360 553 2399 om.
572 2343 632 2411 FZ,
655 2348 687 2397 ut
705 2343 735 2399 ia
753 2360 804 2413 pro
823 2344 896 2398 uitia
914 2343 1020 2400 habent
1038 2341 1096 2398 OD.
1132 2349 1177 2399 eat
1195 2346 1233 2398 e'at

89 2434 177 2487 dicere
196 2433 279 2499 cilios,
296 2434 306 2501 ΙΙ
324 2431 368 2486 Ne
390 2433 491 2487 nosmet
510 2433 653 2501 loquimur
671 2433 754 2486 etiaim
772 2433 845 2487 uitia
862 2433 959 2487 ndstra
977 2432 1095 2489 Reiaias.
1133 2438 1177 2488 sat
1195 2434 1233 2487 det

88 2522 177 2577 dicere
195 2523 287 2590 dltosll
303 2522 382 2576 lstdc
400 2523 487 2587 uobis,
505 2525 540 2576 ue'
555 2526 658 2576 noaneet
675 2523 770 2576 ndstra
784 2523 865 2576 ettam
879 2523 953 2576 uitia
965 2523 976 2590 l
989 2522 1150 2592 Loqudmur
1163 2521 1231 2576 Her-

89 2628 207 2666 mannus
226 2611 303 2666 olim.
339 2616 383 2665 cat
401 2614 439 2666 tet
457 2613 528 2666 tetuc
547 2612 629 2665 cilice:
646 2611 657 2680 i
674 2610 718 2666 Ne
735 2611 837 2666 redarut
855 2628 930 2666 nunc
948 2612 1043 2665 no'ctra
1060 2613 1142 2666 etiam
1160 2611 1233 2664 scitia

88 2701 246 2770 cloqudmur
263 2699 338 2756 idem
355 2716 445 2770 nuper
586 2705 638 2753 263
667 2699 781 2769 Quieeco
804 2715 873 2769 eroo.
901 2701 955 2756 Ao.
974 2715 1035 2753 amo
1054 2697 1229 2755 Gulielmius.
1244 2715 1305 2755 vm

91 2791 211 2861 Qutcaco.
230 2791 283 2844 An.
302 2806 365 2860 erao
384 2805 445 2844 amo
463 2789 509 2843 ΡΖ
529 2789 558 2842 et
576 2805 639 2843 cum
658 2787 760 2842 lacuna
777 2803 828 2857 pro
847 2804 982 2857 personae
1001 2788 1069 2841 nota
1088 2785 1138 2841 cl>

90 2880 193 2944 tesed.
205 2922 211 2933 .
223 2921 247 2934 ..
271 2877 356 2949 vulgo
375 2878 569 2932 Annnrnnsro
589 2875 787 2930 continuantur
805 2892 868 2937 cum
886 2873 981 2941 libris,
1003 2875 1233 2928 Anraassrrnrs

89 2969 183 3022 autem
202 2966 401 3037 praescribitur
419 2967 484 3021 ante
505 2964 605 3019 Omnia
693 2966 743 3019 hoc
761 2981 821 3033 sup.
841 2961 933 3018 senc
1010 2969 1064 3017 264
1082 2963 1129 3017 Sic
1147 2963 1234 3017 malui

90 3074 175 3126 quam
194 3073 294 3126 parum
313 3055 458 3125 eleganter
475 3069 539 3108 cum
557 3051 650 3107 libris:

658 3179 705 3232 eed
722 3178 771 3233 dcta
788 3193 864 3231 nuuc
881 3178 1012 3247 responde

252 3268 341 3324 Mitt:
358 3273 424 3323 srmt
441 3268 486 3324 tu'c
502 3267 606 3335 dania,
623 3283 693 3337 quae
710 3267 748 3322 ad
765 3267 844 3321 dedra
858 3281 954 3334 paceo
971 3267 1075 3335 opdrtet

250 3356 372 3413 Adara?

91 3489 144 3538 266
172 3483 286 3537 adsunt:
315 3498 376 3537 cum
398 3499 467 3538 cura
495 3482 669 3538 intercidisse
696 3479 810 3536 conieci.
852 3480 973 3537 Adesse?
996 3481 1070 3536 Arta.
1093 3476 1235 3542 accuraur',

92 3571 185 3625 deleto
208 3571 316 3637 uma,
341 3588 404 3625 cum
427 3571 533 3627 Bothio
554 3571 730 3627 Hermannus
752 3587 850 3640 nuper.
893 3569 998 3635 Quodsi
1021 3569 1156 3624 dimetrus
1179 3566 1234 3622 ior·

92 3658 211 3713 mandas
231 3658 275 3727 sit,
294 3659 393 3713 malim
411 3660 502 3715 adesse
520 3659 660 3714 infinitivo
678 3661 804 3713 extruso:

252 3783 365 3837 Adsunt
382 3785 475 3838 omnia
492 3785 550 3850 dte,
568 3801 638 3854 quoe
656 3784 693 3837 ad
711 3784 791 3838 deum
804 3801 901 3853 pacem
919 3784 1043 3854 opdrtet?

331 3871 404 3926 Ana.
425 3872 525 3927 Omma
542 3889 590 3942 eoo
608 3874 748 3927 accendat.

92 3997 197 4053 Contra
214 3996 391 4051 hexametros
409 3983 584 4052 Hermannus
602 3996 669 4052 olim
689 3996 881 4067 discripserat:

198 4121 366 4191 Loqudmur.
396 4121 516 4191 Quidem.
545 4121 623 4192 Eroo
641 4122 703 4176 aun
720 4126 753 4177 te.
781 4123 827 4176 scd
845 4123 894 4176 luic
911 4139 987 4178 nuuc

198 4210 342 4279 Respdnde
365 4210 447 4265 melei:
483 4214 548 4265 srmt
572 4211 617 4265 lu'a
641 4210 748 4277 dania,
773 4226 842 4278 quae
867 4210 959 4265 addsec
981 4212 1018 4265 ad
1040 4212 1119 4266 dedu
1142 4227 1235 4280 paean

1052 4298 1066 4339 e

201 4389 302 4444 Omm'a
327 4405 375 4459 cao
400 4389 541 4444 accardui.
579 4388 661 4442 Ditm
682 4388 813 4456 putenm
837 4393 862 4442 et
886 4300 1061 4444 ccteliieinrmet
1082 4391 1236 4445 uendetatia

941 4480 1061 4546 plenum.
