2918 5004
252 322 317 385 672
629 335 862 384 aurnrurscnn
887 334 1014 382 annau.

251 502 325 545 reor
347 501 388 545 ne
411 479 635 544 immodestius
659 479 780 544 sentire
804 477 935 542 iudicer.
970 476 1176 562 Quamquam
1201 478 1310 542 etiam
1333 477 1405 542 hinc

251 586 355 670 petita
377 585 527 652 laudandi
551 603 651 652 auum
679 589 713 649 et
739 584 914 649 venerandi
942 585 1081 649 matoria
1104 605 1181 649 cum
1205 588 1241 649 et
1265 585 1403 670 amplior

251 694 310 777 sit,
342 715 439 779 quam
468 693 559 758 cuius
588 714 690 776 capax
719 692 763 756 sit
790 691 889 756 horae
912 691 1070 775 brevitas,
1102 693 1228 756 ettam
1257 693 1401 757 omnium

251 800 354 865 oculis
383 804 497 884 aperta
524 802 655 883 tamque
685 798 903 864 consentienti
932 798 1179 881 praeconiorum
1212 799 1401 864 testimonio

252 906 437 989 decantata,
473 911 511 972 ut
542 928 656 990 parum
688 905 767 970 novi
804 905 896 971 vobis
934 906 1062 971 narrari
1099 927 1197 990 posse
1235 905 1400 971 videatur:

251 1014 362 1098 paullo
391 1013 524 1079 liberius
554 1012 729 1096 exspatiari
756 1011 870 1077 licebit
899 1015 932 1077 et
960 1012 1000 1077 ab
1029 1013 1085 1097 iis,
1117 1034 1203 1098 quae
1229 1013 1268 1077 in
1297 1014 1400 1097 patria

251 1125 365 1186 nostra
392 1141 462 1186 esse
490 1120 651 1204 praestita
678 1118 858 1185 communis
882 1140 945 1183 vox
973 1118 1229 1184 admirabundae
1252 1120 1399 1205 Europae

251 1226 382 1310 clamet,
411 1230 563 1291 avocatos
592 1229 716 1291 mentes
746 1229 872 1290 vestras
901 1224 941 1289 ad
965 1246 1003 1288 ea
1026 1246 1202 1310 parumper
1225 1227 1401 1311 traducere,

252 1354 334 1417 quae
358 1354 427 1397 esse
451 1332 649 1416 praestanda
671 1332 843 1397 videantur
872 1336 906 1396 et
927 1333 1121 1416 praestitum
1144 1333 1188 1398 iri
1213 1340 1306 1400 certo
1329 1357 1399 1400 con-

251 1440 396 1505 fidamus.
448 1438 540 1515 Quod
573 1440 674 1505 nolim
706 1441 754 1505 ita
786 1439 1061 1524 interpretemini,
1099 1441 1194 1524 quasi
1227 1443 1397 1526 quicquam

250 1548 407 1612 omissum
438 1547 490 1611 vel
523 1570 542 1613 a
574 1548 745 1613 voluntate
777 1547 828 1611 vel
866 1546 907 1611 ab
945 1546 1173 1632 intellegentia
1210 1570 1396 1633 conquerar,

251 1655 335 1738 quod
363 1655 432 1719 fieri
461 1676 518 1738 per
546 1677 618 1719 eam
647 1675 729 1738 quae
753 1654 857 1719 adhuc
879 1653 943 1718 fuit
966 1654 1082 1718 harum
1104 1675 1213 1719 rerum
1239 1656 1394 1721 condicio

250 1783 325 1826 nem
348 1760 489 1826 deberet.
535 1761 657 1827 Verum
686 1761 715 1826 si
742 1761 832 1826 nulla
862 1761 897 1825 in
924 1766 1016 1845 parte
1040 1760 1219 1828 subsistere
1244 1785 1395 1848 umquam

251 1889 353 1953 genus
385 1868 563 1934 humanum
593 1891 688 1954 posse
726 1860 924 1952 conceditur,
962 1868 1031 1953 sed,
1068 1869 1132 1933 nisi
1170 1869 1395 1955 obtorpescere

250 1980 347 2061 atque
383 1976 464 2041 adeo
501 1977 601 2042 emori
639 1977 731 2060 velit,
770 1977 922 2041 contiuuo
959 1977 1031 2041 nisu
1067 1975 1199 2061 longius
1237 1977 1394 2062 progredi,

249 2087 499 2148 consentaneum
529 2088 580 2148 est
612 2083 647 2148 in
677 2084 860 2148 litterarum
893 2105 1019 2169 quoque
1052 2087 1086 2149 et
1118 2085 1242 2149 artium
1276 2088 1393 2149 susten·

248 2190 420 2254 tandarum
448 2191 805 2276 promovendarumque
833 2213 910 2256 cura
941 2213 1042 2256 novas
1072 2191 1196 2256 formas
1229 2193 1391 2257 inventum

248 2300 281 2359 et
307 2296 528 2361 institutum
518 2320 559 2362 ιιι
566 2349 574 2382 ,
607 2298 724 2381 quibus
753 2297 793 2363 ad
821 2298 1022 2363 rectiorat
989 2303 1022 2363 et
1049 2298 1169 2363 altiora
1197 2300 1350 2365 escendat
1336 2305 1392 2362 t.ur

214 2401 294 2468 vEt
279 2404 468 2469 teiusmodi
487 2405 639 2489 quiddam
657 2426 799 2491 auguror
822 2405 899 2470 olim
922 2404 1067 2470 futurum
1091 2408 1127 2470 ut
1150 2406 1286 2469 etiam
1278 2428 1312 2470 ιιι
1329 2405 1391 2470 uni-

247 2510 418 2575 versitates
451 2512 547 2577 cadat
550 2513 663 2597 ,ipsa
694 2512 833 2579 rationis
864 2511 1055 2577 necessitate
1085 2513 1266 2578 evincente.
1310 2512 1390 2589 Quae

247 2639 342 2684 nemo
370 2618 501 2704 ignorat
528 2562 607 2704 qirot
634 2624 667 2684 ct
695 2620 805 2705 quales
833 2619 929 2684 hodie
958 2619 1160 2684 adversarios
1183 2624 1300 2685 nactae
1323 2620 1389 2684 sint

247 2725 390 2802 Quorum
418 2727 697 2792 criminationibus
724 2748 810 2792 nunc
837 2727 886 2791 ita
912 2729 1040 2791 tantum
1063 2730 1154 2809 utor,
1179 2732 1216 2792 ut
1241 2727 1317 2793 hinc
1339 2728 1389 2790 ali-

247 2855 310 2917 quo
334 2833 428 2898 initio
456 2839 587 2918 sumpto
616 2855 750 2920 pergam
781 2835 820 2899 ad
848 2834 1079 2900 universitates
1108 2857 1183 2899 cum
1211 2836 1279 2901 alia
1306 2839 1389 2920 parte

246 2939 470 3006 institutorum
499 2941 703 3024 publicorum
733 2941 774 3005 ad
798 2941 924 3006 litteras
947 2943 1181 3026 pertinentium
1205 2964 1387 3027 comparan-

246 3046 318 3110 das:
351 3048 379 3111 si
406 3046 491 3112 forte
519 3046 642 3131 aliquid
666 3046 740 3111 inde
764 3046 846 3111 lucis
869 3048 904 3112 in
927 3047 1056 3112 illarum
1080 3047 1255 3112 commoda
1276 3048 1387 3113 rectius

247 3153 469 3235 perspicienda
490 3152 656 3218 redundet.
692 3151 899 3237 (temperabo
922 3158 1030 3218 autem
1053 3175 1121 3218 non
1139 3175 1215 3219 cum
1235 3177 1277 3221 ea
1294 3159 1386 3240 parte,

246 3280 327 3342 quae
351 3260 498 3340 proximo
522 3261 563 3326 ab
587 3261 652 3325 illis
676 3261 849 3325 intervallo
878 3260 1001 3325 distans
1025 3260 1274 3345 gymnasiorum
1298 3261 1385 3327 hodie

245 3366 376 3429 nomine
399 3366 698 3451 comprehenditur,
722 3366 777 3431 sed
801 3389 873 3433 cum
898 3389 936 3431 ea
959 3388 1040 3451 quae
1064 3367 1214 3451 superior
1237 3367 1385 3433 universi·

245 3472 368 3537 tatibus
391 3472 530 3540 habetur
552 3478 586 3539 et
609 3474 773 3558 proprium
798 3474 1035 3552 academiarum
1058 3495 1178 3539 nomen
1201 3475 1335 3540 invenit

334 3580 379 3644 Et
400 3581 435 3645 in
458 3581 727 3647 universitatibus
746 3581 883 3665 quidem,
907 3581 1018 3665 quales
1037 3580 1133 3646 hodie
1153 3587 1241 3665 sunt,
1265 3586 1385 3666 praeter

245 3687 309 3751 alia
330 3687 507 3771 vituperari
531 3688 593 3753 hoc
616 3688 713 3770 solet,
737 3688 837 3771 quod,
860 3710 933 3753 cum
957 3687 1084 3753 litterae
1108 3688 1199 3772 ipsae
1223 3693 1382 3775 tamquam

244 3799 376 3859 aeterna
402 3796 596 3860 necessitate
623 3795 763 3880 quadam
791 3817 967 3880 numquam
996 3795 1183 3861 intermisso
1216 3797 1321 3880 gradu
1351 3815 1381 3857 ac

243 3903 353 3985 potius
372 3903 487 3986 rapido
506 3924 600 3968 cursu
619 3902 870 3988 progrediantur
888 3907 922 3967 et
939 3924 1024 3967 nova
1043 3924 1171 3986 semper
1190 3903 1380 3970 incrementa

243 4009 384 4094 capiant,
406 4010 500 4074 illum
524 4010 653 4095 quidem
677 4031 805 4075 cursum
829 4031 894 4074 non
918 4011 998 4075 satis
1021 4014 1160 4094 aequent
1182 4011 1311 4076 litteras
1333 4010 1379 4073 do·

243 4117 385 4181 centium
417 4138 584 4200 personae,
631 4115 757 4200 Quippe
789 4116 914 4181 tardius
943 4117 1002 4182 has
1029 4117 1064 4181 in
1092 4121 1186 4181 tauta
1214 4118 1303 4182 vitae
1328 4116 1378 4180 bu·

243 4245 358 4288 manae
383 4224 590 4308 quantumvis
613 4245 671 4308 per
695 4244 729 4287 se
753 4224 859 4288 brevis
882 4223 1094 4289 diuturnitate
1117 4223 1306 4288 instaurari:
1328 4242 1379 4305 per

243 4329 404 4395 humanae
432 4333 518 4396 enim
547 4336 683 4396 naturae
712 4331 972 4397 imbecillitatem
1001 4335 1067 4396 tarn
1097 4331 1245 4416 angustis
1269 4330 1375 4394 finibus

242 4436 504 4522 circumscriptae
528 4444 681 4523 certoque
703 4437 836 4503 modulo
860 4439 1017 4504 inclusam
1041 4437 1185 4503 indolem
1204 4458 1271 4501 non
1287 4456 1373 4521 pares
