2918 5004
223 349 288 413 636
602 360 837 409 nsrnmrscna
861 361 989 408 annau.

227 506 351 573 cantari
376 506 513 589 soleant,
536 509 605 570 tum
629 505 669 571 ad
689 527 760 570 eam
780 505 920 570 maxime
938 502 1141 589 philologiae
1160 506 1296 587 partem
1316 524 1382 586 per·

224 615 342 695 tinent,
375 635 458 696 quae
490 612 594 697 ipsius
627 613 758 698 linguae
791 612 909 677 finibus
941 610 1236 676 circumscribitur.
1284 608 1382 674 Velut

223 726 292 785 tam
311 723 361 785 est
380 742 491 785 verum
510 741 588 784 sane
612 742 710 804 quam
734 719 868 803 planum
891 717 981 801 illud,
1000 716 1085 802 quod
1106 739 1194 801 eum,
1220 718 1279 801 qui
1299 719 1380 782 bene

224 828 338 892 docere
362 827 450 912 velit,
474 826 586 892 dicunt
605 828 678 911 plus
697 827 812 892 debere
836 825 994 908 didicisse,
1018 847 1116 909 quam
1139 846 1229 909 quae
1252 824 1381 907 doceat3

225 935 378 1019 quoniam
393 957 458 999 non
471 938 582 1018 potest
600 934 757 1019 prolecto,
775 934 837 998 nisi
857 934 909 999 cui
928 933 1095 1017 aliquanto
1116 932 1255 997 uberior
1273 955 1380 996 rerum

225 1042 318 1124 copia
345 1043 379 1106 in
407 1044 561 1125 promptu
589 1044 653 1125 est,
677 1042 830 1106 dilectum
853 1041 974 1105 habere
998 1061 1124 1122 eorum,
1154 1061 1243 1124 quae
1267 1038 1380 1123 cuique

224 1148 296 1213 looo
328 1152 361 1213 et
387 1149 527 1232 tempori
557 1153 636 1233 apta
663 1149 728 1213 sint
755 1151 788 1212 et
815 1148 1162 1240 imprimisapposita.
1213 1146 1278 1211 Vel
1310 1168 1378 1210 cum

226 1255 411 1320 scholarum
427 1256 601 1340 magistros
616 1256 730 1320 iubent
743 1277 808 1319 non
827 1255 1015 1319 intermisso
1034 1255 1073 1319 in
1092 1253 1178 1318 dies
1203 1275 1379 1318 crescen-

225 1361 322 1425 tium
353 1361 536 1426 litterarum
565 1363 758 1428 commercio
782 1363 927 1427 animum
951 1383 989 1426 eo
1013 1361 1196 1446 advertere,
1226 1364 1265 1425 ut
1289 1360 1377 1444 quasi

225 1489 384 1535 summam
416 1470 673 1553 complectantur
703 1491 828 1552 eorum,
864 1491 946 1554 quae
976 1469 1003 1533 si
1033 1491 1099 1533 non
1130 1468 1378 1550 recentissimis,

227 1578 313 1639 certe
346 1577 580 1642 recentioribus
614 1576 796 1662 quibusque
829 1576 998 1641 doctorum
1031 1575 1204 1641 hominum
1236 1576 1378 1660 disputa·

229 1682 375 1747 tionibus
400 1684 583 1768 explorata,
611 1684 786 1749 tradendae
810 1684 1039 1768 grammaticae
1063 1684 1229 1748 rationem
1254 1704 1374 1766 promo

226 1790 341 1873 verint,
365 1812 499 1874 eamque
513 1812 698 1854 summam
722 1791 795 1856 illos
811 1792 926 1856 volunt
939 1791 1025 1855 iusto
1045 1789 1197 1854 adhibito
1221 1794 1376 1873 tempera-

228 1900 337 1961 mento
362 1897 395 1961 in
420 1896 605 1961 scholarum
629 1899 892 1962 consuetudinem
916 1897 1090 1982 prudenter
1118 1897 1377 1978 accommodare;

230 2002 351 2087 alioqui
367 2004 453 2068 enirn
468 2002 636 2068 fatendum
652 2009 702 2068 est
714 2027 917 2090 numquam
932 2005 979 2070 rei
999 2004 1216 2069 scholasticae
1237 2004 1377 2069 rationes

228 2111 474 2176 emendatum
492 2112 540 2175 iri.
574 2111 620 2175 Vt
640 2116 747 2176 autem
768 2113 809 2178 ab
833 2112 962 2197 linguae
987 2111 1147 2196 angustiis
1174 2115 1377 2177 transeamus

228 2216 261 2280 in
286 2217 386 2282 latius
410 2220 560 2302 patentes
584 2217 803 2303 philologicae
826 2219 1016 2303 disciplinae
1040 2218 1214 2282 universae
1240 2239 1378 2301 campos,

227 2346 267 2388 ne
297 2324 350 2388 hic
380 2323 508 2408 quidem
540 2325 665 2390 animus
699 2327 801 2411 gestit
830 2325 863 2390 in
894 2325 981 2389 tritis
1013 2324 1079 2387 illis
1111 2327 1145 2386 et
1175 2324 1377 2409 pervulgatis

228 2431 373 2514 haerere,
398 2431 494 2515 quale
517 2430 580 2496 hoo
603 2435 662 2516 est,
685 2433 770 2518 quod
794 2455 872 2497 sane
891 2433 1003 2517 lingua
1022 2453 1168 2515 quaeque
1186 2454 1255 2495 non
1274 2433 1378 2516 potest

226 2538 291 2602 nisi
321 2561 358 2602 ex
383 2539 510 2623 scriptis
543 2539 725 2604 litterarum
749 2540 968 2604 monumentis
1001 2535 1140 2622 addisci,
1174 2538 1247 2602 eius
1282 2538 1378 2622 igitur

233 2646 377 2731 cognitio
407 2667 637 2730 saepenumero
666 2669 747 2713 nexa
775 2652 884 2712 estex
909 2646 1082 2712 sententiis
1106 2646 1318 2730 scriptorum,
1341 2643 1376 2708 ad

228 2775 308 2836 quas
336 2755 423 2837 ipsas
452 2755 687 2838 pernoscendae
717 2755 751 2819 in
774 2755 948 2838 propatulo
972 2757 1023 2817 cst
1046 2752 1168 2836 requiri
1192 2751 1284 2816 haud
1307 2771 1376 2815 raro

226 2859 421 2943 locupletem
450 2860 641 2926 facultatem
669 2862 745 2926 talis
769 2862 1004 2946 praeceptoris,
1032 2860 1144 2945 quiin
1169 2860 1277 2924 totius
1300 2858 1375 2923 anti-

228 2967 378 3052 quitatis,
406 2968 505 3032 etiam
530 2990 612 3052 quae
637 2968 783 3033 seiuncta
808 2974 858 3033 cst
882 2970 923 3034 ab
947 2969 1077 3053 linguae
1101 2966 1312 3049 cognitione,
1334 2965 1375 3029 la·

229 3074 451 3139 miliaritatem
484 3097 553 3139 sese
584 3076 766 3140 insinuarit.
814 3074 945 3141 Habent
975 3074 1121 3158 profecto
1153 3072 1251 3138 haec'
1272 3072 1377 3137 omnia

141 3245 144 3253 ,
230 3181 295 3245 virn
311 3181 473 3264 quandam
492 3205 594 3265 suam,
617 3204 682 3247 non
701 3183 824 3247 habent
843 3183 1070 3268 gravissimum
1090 3180 1234 3265 pondus3
1260 3180 1376 3244 leviora

228 3293 304 3351 sumt
332 3310 409 3371 prae
440 3311 491 3372 eo,
520 3289 605 3373 quod
634 3293 749 3375 restat,
778 3292 812 3355 in
838 3313 902 3374 quo
926 3290 992 3355 lere
1016 3289 1123 3352 minus
1149 3289 1275 3353 versari
1299 3287 1375 3352 mul·
1456 3273 1457 3280 ἵ

227 3399 335 3460 torum
367 3396 582 3480 cogitationes
613 3396 715 3461 video.
762 3397 868 3482 Atque
899 3399 932 3461 iu
962 3397 1024 3461 hoc
1056 3397 1266 3480 potissimum
1300 3393 1375 3459 illnd

227 3503 326 3587 cadit,
362 3502 446 3587 quod
478 3504 646 3587 prooemio
677 3504 917 3588 significabam3
953 3506 1177 3587 comparatum
1213 3504 1301 3568 enirn
1332 3502 1376 3565 est

227 3611 286 3692 ita,
316 3614 351 3674 ut
372 3632 436 3673 non
461 3614 530 3675 tam
555 3612 595 3675 ad
620 3633 745 3694 eorum,
773 3612 829 3695 qui
858 3615 992 3675 utuntur
1021 3609 1222 3674 scholastica
1252 3609 1375 3672 institu-

229 3718 331 3797 tione,
362 3739 458 3800 quam
490 3716 531 3780 ad
560 3717 677 3781 horum
707 3718 926 3783 condicionem
956 3717 1134 3801 pertineat,
1165 3716 1223 3799 qui
1248 3717 1282 3781 in
1311 3739 1377 3781 eru·

229 3823 345 3886 dienda
368 3823 485 3906 puerili
517 3828 625 3889 aetate
656 3824 756 3888 vitam
789 3829 1016 3890 consumentes
1049 3822 1144 3887 simul
1177 3823 1376 3909 philologiae

228 3953 359 4014 operam
383 3936 505 3996 navant
527 3955 630 3996 suam.
676 3933 760 3998 Nam
779 3970 822 3979 —
842 3936 879 3996 nt
897 3933 996 3996 libere
1015 3931 1119 3994 dicam
1142 3967 1178 3975 -
1204 3935 1284 3995 sunt
1303 3930 1376 3996 haec

228 4037 291 4102 diro
320 4062 411 4121 sane,
440 4040 647 4123 quantumvis
678 4045 763 4105 reete
792 4046 824 4105 et
847 4039 969 4104 rationi
993 4036 1227 4102 convenienter
1250 4040 1293 4102 ab
1318 4059 1377 4102 uno

227 4144 358 4208 homine
392 4145 531 4227 sociata,
567 4148 676 4209 tamen
709 4147 807 4210 etiarn
842 4149 956 4230 suapte
988 4148 1106 4208 natura
1139 4143 1252 4228 aliquo
1288 4145 1377 4210 modo

228 4249 374 4314 discreta.
411 4251 529 4315 Recte
551 4254 662 4316 autem
686 4254 814 4336 ascisci,
838 4275 920 4338 quae
944 4253 1010 4315 sere
1034 4275 1054 4314 a
1078 4249 1287 4339 scholasticis
1311 4254 1378 4319 doc·

228 4357 354 4421 toribus
369 4359 515 4424 videmus
535 4361 574 4424 ad
593 4361 773 4445 magisterii
794 4383 886 4424 curas
906 4358 1020 4423 ascisci
1040 4358 1247 4446 philologica
1266 4360 1380 4442 studia,

228 4463 369 4529 maxime
401 4465 531 4548 probari
563 4466 624 4531 hoc
655 4469 845 4552 argumento
877 4468 966 4548 puto.
1011 4463 1084 4528 Etsi
1116 4465 1206 4530 enim
1240 4468 1380 4533 muneris
