2918 5004
247 346 312 411 664
624 358 858 406 aramancias
882 358 1010 405 11111111.

248 504 509 571 universitatium
532 502 672 589 pristina
694 505 728 566 et
751 500 912 587 dignitate
935 506 969 566 et
992 501 1208 566 auctoritate
1224 499 1407 565 Rectoratns

249 633 376 697 quoque
400 609 575 676 academici
604 630 686 698 quae
716 607 797 674 olim
824 608 872 673 vis
896 611 929 673 et
952 611 1111 691 potestas
1137 607 1209 672 fnit
1237 627 1361 691 magna
1378 629 1407 670 11

252 723 344 803 parte
375 717 523 783 exolevit
570 715 662 793 Quod
692 716 768 781 nolo
799 715 834 779 in
864 736 936 780 eam
967 720 1102 800 partem
1141 714 1410 801 interpretemini,

250 825 344 910 qnasi
367 823 405 888 de
429 824 488 887 1111
510 821 670 908 dignitate
690 822 864 907 quiequam
884 820 1068 887 detractum
1091 823 1306 905 existimem,
1328 844 1409 907 quan

250 931 346 997 nobis
373 930 438 1015 ipsi
470 953 624 1015 paramus
651 953 669 996 e
693 931 812 995 nullius
838 929 974 995 arbitrio
1001 952 1232 1015 suspensam,
1257 930 1317 996 sed
1341 931 1411 1014 ipsa·

250 1061 322 1104 rum
341 1042 453 1103 tamen
468 1038 727 1103 universitatium
746 1037 866 1102 finibus
885 1039 1068 1101 coartatam
1089 1037 1201 1121 inque
1224 1037 1410 1123 optimarum

251 1147 369 1212 artium
396 1144 590 1210 tractatione
618 1144 935 1228 adulescentiamque
964 1143 1004 1208 ad
1033 1143 1299 1211 humanitatem
1328 1145 1411 1209 111111-

255 1253 399 1318 mationa
421 1252 660 1318 consistentem.
704 1250 825 1316 Verum
849 1272 931 1335 quae
959 1251 1047 1316 ultra
1076 1251 1145 1317 hos
1170 1253 1264 1318 fines
1288 1257 1412 1338 evagata

251 1359 330 1423 olim
358 1358 536 1424 auctoritas
563 1357 669 1442 viguit
696 1358 798 1422 multo
826 1358 923 1423 latius
953 1361 1074 1442 patens
1109 1380 1227 1442 eoque
1261 1360 1334 1444 ipsa
1363 1358 1410 1423 illa

253 1465 361 1531 studia
383 1465 501 1529 mirum
530 1468 686 1548 quantum
715 1464 890 1529 sublevans
914 1468 949 1529 et
972 1464 1224 1550 corroborans,
1255 1487 1330 1531 eam
1352 1467 1412 1550 quis

252 1573 356 1637 nescit
378 1572 426 1636 ita
447 1592 532 1635 nnnc
560 1570 768 1635 imminutam
796 1591 881 1654 1111,
908 1571 1005 1649 11111
1030 1593 1109 1636 cum
1135 1572 1298 1656 priorum
1321 1573 1412 1658 splen·

253 1680 331 1745 dore
359 1677 562 1743 saeculorum
590 1677 785 1762 conferatur,
818 1699 918 1762 paene
952 1677 1127 1744 confracta
1165 1679 1306 1746 iaceat?
1346 1680 1412 1757 Quis

252 1810 318 1853 non
345 1784 509 1868 intellegit
537 1804 609 1848 cum
632 1784 830 1849 universis
858 1783 1082 1849 universitatis
1118 1788 1325 1871 commodis,
1351 1810 1409 1851 oum

254 1893 380 1957 totins
399 1891 522 1976 patriae
542 1891 655 1976 salute,
678 1912 751 1956 cum
770 1892 913 1976 ipsarum
936 1891 1128 1957 litterarum
1153 1893 1262 1979 flore,
1285 1918 1364 1980 quae
1383 1914 1409 1957 11

254 2002 520 2065 conservaturum
544 1998 881 2083 amplificaturumque
905 2021 943 2065 11
966 1999 1183 2083 praescripto
1204 2003 1369 2087 promittit
1383 2006 1408 2065 11

256 2106 407 2191 spondet,
437 2105 586 2172 Rectoris
618 2128 736 2171 munus
766 2107 891 2192 aliquo
906 2128 983 2171 sane
1013 2105 1149 2173 vinculo
1156 2159 1167 2192 ,
1199 2109 1259 2174 sed
1289 2132 1352 2175 non
1378 2131 1406 2173 11

255 2212 424 2296 contineri,
447 2235 464 2278 1
488 2235 552 2298 quo
575 2214 608 2280 in
632 2213 706 2278 illas
729 2217 839 2297 partes
862 2212 951 2297 pleni
969 2212 1056 2297 iique
1076 2216 1270 2280 necessarii
1290 2216 1406 2296 11111111,

255 2340 320 2384 non
353 2319 482 2384 fortuiti
515 2323 548 2385 et
580 2320 752 2386 adventicii
784 2320 985 2385 redundent?
1031 2319 1115 2396 Quis
1151 2343 1291 2389 summo
1322 2322 1405 2407 magi·

255 2425 372 2489 stratui
403 2425 585 2491 academico
614 2425 791 2491 diffiteatur
814 2442 877 2511 pro
906 2426 1102 2491 auctoritate
1131 2427 1280 2495 honoris
1305 2430 1402 2495 deeora

258 2531 416 2616 quaedam
447 2536 480 2596 et
510 2535 715 2615 ornamenta,
750 2554 809 2615 pro
844 2535 1007 2616 potestate
1038 2533 1209 2616 quaedam
1245 2538 1400 2603 simulacra

253 2638 429 2724 potestatis
459 2637 574 2703 relicta
601 2660 672 2704 esse
697 2639 803 2722 specie
827 2638 1109 2724 magnificentiora
1133 2664 1242 2726 quam
1268 2645 1400 2729 graviora

255 2745 414 2811 veritate?
460 2743 559 2810 Cuius
586 2745 816 2810 vicissitudinis
845 2746 873 2810 si
901 2767 984 2831 quae
1007 2768 1145 2812 caussae
1171 2749 1302 2816 fuerint
1324 2771 1398 2836 quae

256 2875 317 2938 que
345 2853 429 2917 ratio
457 2852 501 2915 sit
532 2851 738 2936 inquirimus,
766 2853 828 2918 etsi
856 2857 1038 2938 temporum
1068 2854 1214 2922 decursu
1240 2860 1396 2924 multarum

256 2981 334 3024 sane
362 2981 485 3045 rerum,
514 2982 594 3045 quas
623 2959 676 3024 hic
704 2982 854 3025 enarrare
882 2961 1017 3045 longum
1044 2965 1111 3044 est,
1138 2966 1334 3032 consociata
1353 2965 1395 3029 1111-

255 3066 362 3150 quitas
394 3065 471 3131 illuc
504 3067 620 3150 valuit,
651 3071 761 3131 tamen
793 3068 840 3132 rei
874 3090 1035 3133 summam
1067 3073 1160 3134 recte
1196 3074 1347 3139 videmur
1369 3095 1395 3135 11

255 3173 541 3257 comprehendere,
574 3174 660 3258 quod
694 3174 761 3240 sive
794 3175 923 3239 amissis
955 3176 1022 3240 sive
1055 3175 1204 3263 demptis
1236 3181 1394 3247 liberorum

256 3279 467 3364 collegiorum
490 3281 615 3346 iuribus
640 3285 672 3345 et
694 3281 877 3366 privilegiis
900 3282 1132 3347 universitates
1158 3287 1337 3368 paullatim
1357 3286 1394 3350 de

256 3387 380 3451 aierunt
402 3388 469 3452 suis
489 3409 559 3453 sese
584 3388 711 3474 legibus
732 3387 922 3473 gubernare,
945 3387 1188 3473 administrare,
1214 3415 1396 3473 conservare,

259 3493 389 3578 suisque
407 3495 516 3578 potius
541 3517 558 3559 e
581 3494 744 3560 radicibus
764 3517 862 3579 quam
882 3518 920 3560 11
939 3494 1063 3561 alienae
1082 3499 1301 3566 auctoritatis
1319 3498 1396 3566 modo

257 3600 410 3666 beneficio
425 3602 521 3668 modo
536 3602 672 3667 arbitrio
687 3602 776 3667 floris
792 3603 842 3666 sui
856 3603 1045 3685 ruborisque
1059 3603 1273 3674 incrementa
1291 3627 1396 3693 capere-

256 3707 332 3773 Non
356 3730 425 3772 1111
449 3708 511 3775 hoc
534 3707 693 3774 eiusmodi
716 3708 871 3793 fatemur,
898 3712 935 3774 ut
962 3709 1055 3774 unice
1083 3711 1137 3775 vel
1168 3712 1347 3781 dolendum
1365 3714 1395 3777 sit

257 3816 308 3880 vel
341 3816 567 3882 accusandum.
612 3814 699 3880 Nam
734 3815 762 3880 si
794 3817 935 3881 naturali
968 3814 1106 3900 quadam
1141 3824 1343 3888 necessitate
1369 3842 1396 3884 11

256 3942 341 3986 nunc
364 3943 435 3986 sors
459 3925 509 3986 est
533 3926 566 3986 et
588 3927 756 4007 tamquam
780 3924 831 3987 111
854 3923 1007 3988 divinitus
1031 3924 1114 3989 scita
1143 3928 1345 4013 eivitatium,
1363 3932 1396 4007 ut,

257 4049 339 4112 quae
367 4027 446 4092 olim
474 4028 688 4114 singularium
717 4030 911 4096 societatum
942 4031 1009 4095 sive
1039 4053 1222 4116 corporum
1256 4060 1316 4103 1111
1343 4036 1396 4100 iure

257 4135 417 4200 utentium
441 4138 474 4198 et
497 4156 644 4201 seorsum
667 4137 915 4201 consistentium
938 4136 1114 4201 multitudo
1140 4143 1176 4202 et
1200 4144 1345 4208 varietas
1365 4140 1396 4204 vi·

188 4314 206 4341 .
257 4241 339 4325 guit,
366 4243 400 4307 in
428 4264 526 4306 unam
551 4243 692 4309 civitatis
716 4243 975 4309 communionem
1003 4248 1135 4329 recepta
1165 4253 1273 4336 atque
1300 4271 1397 4336 aequa·

257 4347 315 4412 bili
335 4348 607 4415 administrationi
626 4351 773 4416 subiecta
791 4373 856 4416 uno
876 4354 909 4415 et
927 4350 1059 4416 sibimet
1081 4359 1256 4424 constanti
1280 4358 1398 4444 imperio

257 4455 561 4541 comprehendatur,
589 4458 657 4523 sive
685 4459 717 4524 id
744 4480 844 4543 penes
873 4481 972 4524 unum
995 4462 1046 4524 est
1070 4459 1141 4526 sive
1166 4487 1275 4549 penes
1298 4467 1398 4553 plures,
