2986 5010
398 380 399 383 ,
433 344 696 393 nrrannsrrorus
720 345 926 393 vnav'rrura.
1185 331 1251 395 405

718 499 724 515 Ι

212 522 297 588 Nam
321 521 399 608 quid
423 545 461 589 eo
485 523 657 589 introibis?
703 524 733 589 V
773 547 847 590 eum
870 524 964 590 dictis
988 516 1156 609 pliirumis.

25 689 29 695 ’
104 665 284 731 Metrornm
313 671 422 732 autem
451 666 632 731 diversitati
661 648 827 752 quantum*
841 666 1050 733 tribuendum
1074 668 1130 752 sit,
1163 669 1249 734 lucu·

104 773 285 838 lentissime
309 796 419 839 eorum
438 775 671 840 vocabulorum
691 776 837 860 exemplo
856 779 1002 860 apparet,
1026 797 1162 859 quorum
1186 780 1249 841 ter-

105 880 241 945 minatio
264 882 278 945 a·
300 881 445 946 vocalem
468 881 569 946 habet
592 881 647 946 alii
671 882 777 947 vocali
801 883 1024 967 praemissam.
1062 878 1150 946 Satis
1174 904 1249 947 con·

105 989 172 1050 stat
195 985 234 1052 de
258 988 496 1072 monosyllabis
520 989 611 1066 dies,
633 989 699 1053 diu
723 989 826 1072 (Trin.
841 989 892 1054 65.
921 987 1136 1074 maome)
1157 986 1249 1075 843):

103 1115 281 1178 numquam
306 1099 429 1179 autem,
452 1092 485 1157 id
508 1093 593 1179 quod
617 1099 839 1159 asseveranter
862 1093 1024 1158 affirmare
1047 1095 1136 1179 licet,
1160 1097 1247 1180 syni-

103 1202 202 1267 zesim
226 1202 261 1266 in
285 1202 421 1266 senariis
445 1201 575 1287 quidem
598 1203 855 1287 septenariisque
879 1201 976 1266 ullius
1000 1201 1084 1266 alius
1107 1202 1248 1266 nominis

104 1308 188 1372 ullus
211 1329 305 1373 casus
328 1305 471 1393 (praeter
494 1307 680 1392 genetivum
704 1307 860 1372 secundae
884 1307 1124 1394 declinationis)
1149 1308 1249 1373 admi·

103 1415 156 1494 sit,
179 1436 236 1479 nec
260 1416 454 1480 mendacium
477 1437 536 1481 nec
557 1395 718 1481 oleoducto
740 1417 1057 1494 accomodacionis,
1081 1416 1149 1481 sive
1168 1415 1249 1481 haec

103 1523 311 1588 substantiva
338 1526 414 1588 sunt
441 1523 509 1587 sive
539 1523 710 1606 adiectiva,
737 1545 797 1589 nec
819 1526 977 1590 namacio
1000 1546 1059 1589 nec
1082 1524 1249 1588 nandonis

102 1652 162 1695 1111
185 1632 361 1696 1111116αεὶ11
383 1631 522 1696 certiores
545 1632 733 1709 amatium,
755 1653 815 1696 nec
838 1632 890 1696 vel
908 1633 1062 1715 supientia
1076 1631 1179 1713 ylario
1197 1630 1248 1693 vel

103 1739 184 1802 acas
207 1736 257 1801 vel
279 1738 374 1818 factio
397 1737 496 1802 oratio
520 1759 592 1801 cum
612 1737 678 1802 suis
698 1738 837 1822 casibus,
860 1761 919 1803 nec
937 1740 1057 1804 ametro
1075 1738 1181 1802 tertias
1199 1738 1247 1801 ob·

104 1845 218 1910 orosius
241 1866 300 1909 nee
323 1844 503 1910 obnoxiosae
522 1843 573 1908 vel
592 1845 807 1926 inpendimus.
836 1843 957 1909 Contra
981 1846 1022 1909 ab
1045 1844 1111 1908 illis
1134 1844 1247 1908 metris

102 1952 296 2035 simulatque
316 1951 473 2016 transitus
493 1951 599 2017 factus
618 1957 668 2016 est
687 1952 727 2016 ad
747 1953 930 2018 octonarios
951 1951 1247 2037 anapaesticosque‚
1262 1972 1336 2013 onxr

104 2060 260 2124 continuo
289 2059 424 2124 offensio
453 2058 558 2124 omnis
586 2058 663 2123 talis
692 2059 849 2143 synizesis
872 2060 1037 2126 dilabitur.
1083 2056 1247 2122 Vitiosum

103 2170 174 2231 erat
196 2165 231 2229 in
255 2165 382 2230 senario
399 2167 463 2231 658
487 2166 548 2231 otio
566 2164 742 2250 criptas**):
766 2166 977 2250 spondiacam
1001 2187 1184 2231 mensuram
1207 2185 1247 2228 111

102 2272 160 2338 ubi
191 2276 343 2356 potuerat
375 2272 504 2357 quidem
538 2275 636 2356 poeta
667 2271 794 2358 defugit
826 2273 860 2337 in
894 2272 1062 2340 octonario
1090 2273 1154 2337 838
1187 2271 1247 2336 o'tio

102 2380 177 2446 deire
207 2400 262 2444 me
308 2377 495 2463 Numquam
526 2401 584 2463 per
613 2379 771 2463 reliquam
801 2379 948 2445 fabulam
978 2372 1142 2465 blsyllaba
1172 2382 1248 2444 sunt

100 2488 280 2572 paediam
304 2488 442 2571 youdio
468 2487 582 2567 silius
606 2487 735 2568 filiam
758 2492 791 2552 et
814 2487 946 2552 similia:
984 2488 1018 2552 in
1040 2486 1247 2572 paucissimis

102 2594 318 2680 anapaesticis
351 2595 435 2658 1116
450 2616 518 2679 sqq.
548 2595 755 2658 cumulantur
783 2596 923 2658 omnium
946 2596 1073 2677 pandite
1095 2595 1248 2678 pandione

99 2703 227 2786 paudite
254 2700 425 2785 synizesim
453 2722 552 2784 passa
578 2697 656 2783 (nisi
687 2699 815 2784 quidem
840 2701 966 2783 paudite
989 2722 1059 2765 esse
1083 2700 1247 2784 dactylum

102 2808 325 2873 Lindemanno
350 2804 484 2892 credes),
507 2805 625 2890 quibus
645 2827 683 2869 ex
702 2807 869 2876 octonario
889 2806 952 2870 839
973 2805 1053 2871 adde
1071 2808 1146 2889 filio.
1177 2805 1246 2870 Fal·

102 2938 174 2980 sum
198 2915 298 3001 igitur
321 2913 407 2998 quod
432 2913 627 2998 vulgabatur
649 2935 678 2978 v.
705 2914 802 2978 1156:

192 3073 314 3139 Filiam
345 3057 450 3138 miram
484 3073 546 3138 tibi
578 3072 809 3157 desponsatam
843 3095 912 3137 esse
945 3072 1051 3139 aridio.
1104 3073 1177 3137 Nisi
1210 3075 1247 3135 tri

956 3203 1056 3246 1111111.

103 3323 292 3391 Certissima
314 3323 395 3389 haec
418 3323 483 3388 laxt
507 3345 603 3407 qnam
628 3345 700 3387 cnm
724 3324 867 3408 reliquae
884 3323 1016 3389 fabulae
1035 3323 1248 3407 comprobant

101 3437 173 3498 tum
198 3430 384 3514 Bacchides,
407 3430 496 3495 ouius
519 3431 598 3495 item
623 3431 693 3495 sola
715 3431 923 3514 anapaestica
940 3430 1180 3495 multitudinem
1199 3430 1246 3494 bi·
1315 3464 1326 3480 ·

103 3538 307 3623 syllabarum
331 3536 509 3602 formarum
532 3537 702 3620 praebent:
725 3537 791 3618 filio
813 3537 895 3618 filios
915 3538 1018 3618 lilium
1039 3536 1105 3619 filio
1127 3537 1189 3618 fiat
1209 3538 1245 3617 fi-

103 3647 156 3711 liis
178 3668 207 3708 v.
234 3642 327 3709 1125.
354 3642 448 3708 1129.
474 3642 568 3707 1136.
595 3641 688 3707 1159.
715 3642 808 3706 1165.
834 3642 917 3706 1167
943 3642 990 3706 ed.
1013 3641 1126 3707 Herm.
1169 3641 1246 3706 Vsi-

103 3751 259 3818 tatiorum
287 3753 397 3814 autem
424 3753 602 3814 metrorum
629 3751 756 3813 tantam
785 3751 941 3833 quantam
965 3748 1103 3814 diximus
1128 3751 1246 3815 severi-

101 3861 205 3923 tatem
233 3879 303 3921 esse
332 3856 449 3920 mirum
473 3859 523 3921 est
545 3877 586 3919 ne
610 3877 665 3920 eos
689 3855 817 3939 quidem
840 3856 920 3922 satis
942 3857 1159 3941 perspexisse,
1191 3857 1247 3942 qui

103 3968 195 4030 tanto
223 3961 465 4029 demonstrandi
493 3966 652 4046 apparatu
679 3962 731 4026 usi
754 3966 916 4047 suntque
936 3964 1037 4048 protes
1059 3968 1093 4029 et
1115 3964 1247 4048 inmotis

102 4072 226 4137 formas
259 4093 278 4135 a
308 4070 424 4134 Plauto
458 4068 680 4134 abiudicarent
709 4069 898 4134 rectissime.
939 4068 1002 4146 Qut
1034 4069 1062 4134 si
1092 4092 1134 4134 ne
1166 4070 1246 4135 haec

102 4177 231 4263 quidem
264 4160 413 4261 admisitJ
440 4176 474 4240 in
506 4175 622 4260 quibus
654 4175 831 4241 contractio
862 4178 1025 4242 constanti
1055 4177 1246 4262 posterioris

210 4369 235 4439 *)
255 4369 309 4441 [Ol.
329 4371 422 4426 annot
442 4368 570 4425 adhunc
588 4384 699 4424 versum
718 4367 748 4423 in
765 4369 809 4424 ed.
829 4370 890 4442 alt]
1216 4424 1219 4427 .

193 4460 234 4531 ”y
255 4457 308 4533 [cf.
329 4477 414 4532 supra
431 4478 458 4531 p.
478 4466 530 4516 333
550 4459 580 4515 et
598 4458 789 4560 Opuscqphil.
807 4460 833 4514 ll
851 4477 878 4531 p.
898 4464 949 4516 tet
959 4478 1019 4531 sqq.
1039 4461 1111 4531 608]
1202 4481 1212 4493 ·
