2986 5010
403 382 667 433 aussnsmorus
690 384 902 433 etsvmsss.
1161 369 1224 434 467

83 549 205 595 mortue.
236 528 359 595 Contra
380 530 514 595 nimiam
539 530 791 616 vehementiam,
814 531 918 615 qualis
942 532 1148 615 anapaestico
1172 554 1228 596 nu-

84 658 173 700 mero
201 637 309 719 aptior
332 642 431 722 esset,
463 637 533 701 visa
556 641 633 701 sunt
655 638 718 702 duo
743 640 950 722 anapaestico
972 638 1092 703 habere
1114 640 1229 704 iambi·

84 765 157 807 cum
180 744 420 827 praecedentia:
444 745 528 828 quod
553 745 823 828 quemadmodum
847 747 879 810 in
904 746 1039 810 senariis
1063 767 1229 830 perrarum

83 856 134 916 est
157 849 209 936 (ut
231 850 299 915 Mil.
324 851 349 930 I,
375 855 402 935 l,
426 851 493 936 31),
517 851 565 915 ita
588 852 687 916 semel
712 852 889 916 admissum
913 853 1022 917 estin
1046 853 1228 937 septenario

11 1029 19 1044 ι
83 956 170 1022 Trin.
200 959 265 1023 918
292 957 416 1040 qudmlo
444 960 556 1040 eqomci
582 960 713 1022 memini
737 957 862 1045 melfi)
915 956 975 1023 Oui
1003 982 1069 1024 non
1097 980 1228 1042 prorsus

83 1088 143 1150 par
171 1070 221 1131 est
248 1089 276 1131 v.
301 1067 363 1131 847
393 1066 448 1130 dat
470 1065 589 1130 bomini
615 1068 728 1131 misero
753 1066 834 1130 mule
862 1067 954 1149 [muli
982 1064 1117 1149 Trin.2]:
1151 1088 1227 1130 nam

84 1173 275 1258 ubicumque
303 1173 542 1257 anapaesticam
573 1173 680 1238 brevis
710 1195 771 1237 vox
800 1174 1029 1257 monosyllaba
1056 1173 1229 1259 praecedit,

82 1279 177 1344 facile
207 1280 344 1345 sentitur
371 1285 537 1364 tamquam
561 1281 595 1344 in
618 1303 715 1345 uuam
744 1281 968 1365 paeonicam
993 1283 1106 1346 ambas
1135 1303 1228 1346 voces
1250 1302 1386 1343 ccxxxrv

82 1386 261 1451 coalescere
284 1387 538 1471 pronuntiando:
567 1387 730 1470 paeonicis
759 1393 867 1452 autem
897 1385 1025 1472 (utpote
1054 1388 1229 1472 dactylica·

82 1517 153 1558 rum
172 1495 334 1561 rationem
353 1493 583 1579 aequantibus)
603 1494 630 1558 si
649 1494 816 1579 legitimus
835 1494 898 1559 fuit
921 1495 954 1558 in
974 1495 1078 1579 prima
1102 1495 1230 1579 syllaba

83 1606 247 1684 accentus,
274 1601 344 1666 fieri
368 1624 432 1667 non
456 1602 565 1685 potnit
588 1601 665 1685 quin
689 1624 761 1666 eum
787 1602 903 1667 ultima
927 1624 1054 1687 quoque
1078 1602 1111 1666 in
1135 1625 1228 1666 versu

82 1711 247 1794 reciperet.
293 1709 363 1786 Qua
391 1710 640 1774 ratiocinatione
668 1709 843 1773 identidem
870 1713 999 1773 utemur
1027 1709 1124 1792 infra,
1156 1731 1229 1773 eum

82 1945 175 1987 versa
197 1923 327 1987 illorum
355 1923 411 1986 dut
435 1921 555 1986 bomini
577 1924 686 1986 hibero
709 1924 789 1987 mele
818 1923 902 2013 ratio
926 1924 970 1987 sit
993 1928 1090 2006 atque
1112 1921 1228 1986 horum

83 2032 117 2095 in
140 2029 257 2095 Bacch.
284 2029 332 2094 15.
356 2029 431 2093 446.
455 2030 517 2093 521
544 2031 610 2111 [48.
634 2029 708 2094 478.
732 2030 828 2112 553]:
855 2025 1034 2095 ¹re‘reamerc't
1057 2029 1157 2110 facilit
1183 2029 1229 2093 ln-

81 2139 167 2222 benS,
198 2137 357 2201 meiliere'm
385 2137 485 2201 medi
511 2139 631 2220 sedens,
663 2137 839 2201 beneuolens
866 2139 950 2202 uiuit
975 2139 1048 2221 sibi,
1081 2158 1163 2221 quae
1191 2158 1229 2199 eo

83 2246 189 2309 minus
212 2244 398 2309 offensionis
422 2242 553 2326 habent,
577 2242 663 2326 quod
686 2265 722 2308 eo
748 2244 782 2308 in
802 2244 883 2328 loco,
907 2245 999 2308 utin
1024 2244 1159 2310 senariis
1183 2243 1229 2306 di-

81 2353 196 2434 ximus,
219 2350 375 2436 paeonica
396 2354 529 2413 netum
554 2350 684 2435 quidem
708 2351 813 2415 vitata
836 2355 921 2434 sunt,
945 2374 1017 2415 cnm
1046 2351 1087 2415 ab
1118 2354 1228 2433 oxyto·

82 2459 132 2522 nis
157 2479 222 2524 non
245 2457 457 2541 excipiuntur,
481 2462 517 2521 ut
540 2457 691 2539 ccipilibds
713 2456 939 2543 consodalibus,
963 2457 1159 2523 Oreicisolm
1182 2478 1229 2519 otc

81 2587 118 2630 ea
140 2560 304 2647 Cbrrjsah,
331 2565 472 2646 dipitalis
494 2565 686 2647 ponentibus
713 2563 829 2630 Bacch.
853 2566 928 2629 273.
952 2566 1026 2630 330.
1050 2565 1115 2629 638
1141 2564 1229 2644 [305.

81 2672 155 2736 362.
179 2671 268 2753 675}
289 2707 330 2717 —
356 2669 419 2735 Sed
443 2671 693 2755 spondiacam
715 2693 827 2736 vocem
850 2694 890 2735 ne
914 2676 988 2736 ante
1013 2671 1093 2735 duas
1117 2674 1228 2759 oxyto3

81 2801 139 2842 nas
164 2778 293 2863 quidem
317 2778 555 2843 trochaicorum
575 2778 737 2864 elegantia
755 2779 917 2863 probavit,
940 2800 998 2842 nec
1018 2779 1105 2842 ill'nrs
1125 2798 1228 2841 exem-

81 2885 137 2969 pla
164 2885 225 2949 hae
254 2883 349 2968 duae,
378 2885 412 2949 in
442 2886 559 2968 quibus
587 2908 673 2950 nunc
701 2886 877 2951 subsistere
912 2886 1066 2969 solemus,
1097 2884 1229 2949 fabulae

81 2993 251 3057 Plautinae
275 2992 433 3076 praebent
456 2997 584 3075 praeter
609 2992 672 3056 duo
697 2996 859 3076 corrupta.
895 2991 981 3057 Nam
1001 2992 1094 3056 illum
1113 3015 1141 3056 v.
1164 2992 1228 3055 329

81 3101 203 3164 exitum
231 3098 318 3164 omne
344 3100 447 3163 autoire
474 3101 604 3164 merimst
630 3105 731 3183 tuum,
759 3100 793 3163 in
822 3121 915 3182 quem
946 3099 1010 3164 iam
1039 3097 1090 3162 bis
1114 3098 1229 3162 incidit

82 3207 202 3291 oratio,
229 3229 315 3270 nune
344 3206 440 3271 tertio
465 3210 657 3291 argumento
681 3206 880 3291 intellegitur
903 3206 1119 3270 reiectaneum
1145 3227 1228 3269 esse:

81 3314 160 3378 haec
179 3318 287 3378 autem
306 3337 335 3378 v.
350 3314 414 3379 883
434 3308 521 3378 aaa
533 3314 675 3395 primaint
693 3313 828 3378 mensorii
846 3313 925 3378 milri
942 3313 1103 3396 triplicem
1122 3317 1227 3376 trans·

81 3422 275 3505 positionem
305 3421 474 3485 admittere
503 3421 671 3486 annotatio
699 3426 813 3485 nostra
840 3421 943 3485 docet.
994 3418 1099 3483 Multo
1127 3419 1229 3503 igitur

83 3529 188 3593 minus
218 3550 278 3613 pro
307 3528 448 3612 spondeo
481 3549 551 3592 esse
581 3528 673 3594 illum
700 3551 728 3592 v.
752 3525 891 3614 957***)
915 3530 1038 3610 potest,
1069 3524 1123 3589 ubi
1152 3547 1228 3608 oxy-

81 3640 163 3699 tona
189 3657 256 3701 non
286 3638 477 3719 sequuntur:
505 3637 534 3698 e't
559 3655 610 3717 epo
638 3635 728 3700 ilbim
755 3655 874 3699 nossem
897 3632 1044 3716 approbo:
1072 3632 1124 3697 vel
1148 3631 1228 3696 adeo

80 3737 136 3805 alo
160 3741 257 3823 paeto
282 3742 357 3805 dare
384 3741 599 3822 epistulares.
624 3742 698 3806 898.
744 3740 792 3805 De
816 3740 998 3804 iambicis
1023 3742 1130 3802 autern
1155 3759 1227 3802 eum

172 3971 198 4036 *l
218 3969 261 4023 ad
276 3967 519 4039 anapaesticornm
538 3968 752 4024 similitudinem
770 3968 896 4038 proxime
915 3967 1049 4022 accedens
1069 3965 1226 4036 exemplum

81 4056 229 4115 Triarii:
248 4059 321 4127 quod
338 4075 425 4113 meum
443 4061 495 4113 erit
512 4059 543 4113 id
556 4061 608 4112 erit
622 4064 699 4113 tuam
717 4056 933 4128 transpositione
952 4055 1130 4125 removimus,
1149 4055 1226 4109 cuins

79 4165 140 4218 cap,
160 4149 225 4203 XVI
244 4147 315 4203 ratio
334 4146 467 4202 reddetur
486 4148 524 4216 [p.
546 4147 621 4218 leo}

152 4235 194 4304 **)
214 4236 312 4304 ltaque
335 4233 389 4290 atsi
412 4234 484 4288 nihil
501 4234 621 4305 impedit
639 4234 787 4303 quominus
804 4233 880 4291 Trin.
900 4253 925 4288 v.
945 4240 996 4289 877
1016 4234 1142 4290 dicamus
1160 4249 1224 4289 ana·

81 4324 207 4395 paestieo
226 4322 404 4393 iambicoque
424 4324 560 4378 vocabulo
578 4323 660 4392 finiri,
678 4325 773 4378 tamen
791 4322 895 4378 rectius
914 4323 1000 4378 etiam
1018 4324 1094 4378 exire
1112 4323 1141 4378 in
1160 4339 1224 4392 pae-

81 4413 191 4468 onicum
202 4414 275 4467 'cum
294 4412 415 4467 iambico
434 4412 572 4468 dicemus:
591 4414 710 4467 himines
727 4412 777 4466 ubi
795 4412 916 4467 habitent
932 4418 1020 4482 pater.

135 4501 192 4570 m)
213 4501 265 4573 [ef.
286 4503 379 4556 annot.
400 4502 524 4572 adult]

958 4594 1013 4645 30·
