3038 5010
441 340 574 386 sarran
599 340 646 387 Ao
670 339 806 388 rannus
830 340 981 387 Ριιιοοο.
1218 323 1283 388 225

139 486 172 546 et
195 503 245 546 me
270 477 303 547 st
330 481 452 547 editore
481 482 584 548 invito
612 483 734 548 factam
763 483 826 547 soli
854 481 963 547 deberi
986 482 1193 569 plagulamm
1217 506 1285 549 cor·

138 588 256 653 rectori
271 587 443 673 Lipsiensi,
467 590 523 673 qui
540 591 650 655 neseio
670 612 733 675 quo
752 589 820 654 iure
839 611 922 673 quae
940 610 1007 653 non
1020 588 1167 656 Passovii
1184 613 1283 657 manu

139 696 281 780 ascripta
303 695 338 761 in
361 697 507 781 margine
530 697 655 763 videret
677 701 710 761 et
733 696 812 761 adeo
836 699 1012 762 testaretur
1030 697 1284 782 conglutinanda
1297 714 1323 753 ³⁷

138 823 211 866 cum
229 802 438 868 Passovianis
463 807 496 869 et
518 825 591 869 cum
610 804 714 870 doctis
733 802 922 868 bominibus
941 804 1209 869 communicanda
1227 828 1283 890 pu·

137 910 231 974 tavit.
268 907 331 972 Sed
355 910 507 995 quoniam
530 914 676 996 potestas
699 933 764 975 non
789 914 840 974 est
862 908 1002 989 ἀγένητα
1026 915 1132 977 ποιεῖν
1155 910 1220 976 ἅεε’
1243 912 1284 976 ἂν

139 1018 158 1100 ἠ
189 1019 410 1097 πεπραγμένα,
440 1018 627 1083 emaculabo
656 1018 772 1083 saltem
800 1021 833 1080 et
861 1018 969 1101 aliqua
998 1039 1036 1083 ex
1059 1022 1153 1103 parte
1176 1019 1284 1084 defen-

140 1123 228 1207 dam,
251 1145 333 1210 quae
356 1124 463 1188 aliena
485 1125 582 1210 culpa
603 1124 784 1192 deformata
807 1124 1028 1190 innotuerunt.

227 1230 272 1296 Et
308 1232 348 1296 ab
387 1255 471 1297 anno
514 1231 643 1316 quidem
686 1228 987 1316 multicomis,
1028 1255 1092 1319 quo
1130 1232 1284 1318 Aeschyli

139 1337 270 1424 Septem
290 1340 330 1404 ad
345 1338 474 1405 Thebas
493 1339 632 1423 publicis
652 1338 774 1405 scholis
793 1339 934 1424 primum
953 1362 1025 1405 sum
1043 1339 1284 1424 interpretatus,

140 1469 213 1510 cum
231 1468 418 1532 numquam,
440 1446 498 1511 ubi
517 1445 558 1511 ad
577 1444 742 1510 eboricum
761 1450 890 1510 carmen
908 1447 1047 1529 primum
1067 1447 1135 1513 eius
1153 1447 1284 1514 fabulae

139 1560 270 1619 ventum
294 1558 377 1637 erat,
401 1555 439 1618 de
463 1552 596 1638 reliquis
620 1552 868 1617 difficultatibus
891 1552 987 1618 huius
1010 1555 1125 1639 parodi
1148 1555 1284 1639 explica·

139 1662 204 1725 tius
223 1660 329 1725 dicere
349 1660 454 1745 omisi,
477 1666 547 1724 tum
571 1659 610 1724 de
633 1659 777 1725 metricis
801 1660 983 1725 rationibus
1007 1662 1054 1726 sic
1077 1660 1226 1746 iudicavi,
1250 1668 1287 1727 ut

139 1768 329 1853 ambiguum
348 1789 418 1832 esse
437 1789 611 1850 monerem,
634 1770 783 1832 essentne
803 1766 1018 1852 antistrophis
1036 1769 1285 1834 lamentantium

139 1876 304 1959 virginum
327 1874 427 1940 verba
449 1875 650 1960 disponenda
673 1897 714 1939 an
737 1895 802 1939 non
826 1877 941 1938 essent
978 1873 1075 1940 Mitto
1097 1896 1183 1940 nunc
1203 1898 1286 1961 quae

140 1984 206 2047 l'ere
221 1984 388 2068 disputare
402 1982 437 2046 in
452 1985 622 2066 utramque
636 1984 763 2066 partem
782 1981 1013 2066 consueverim,
1036 2004 1173 2065 quorum
1191 2004 1286 2067 expo·

139 2089 216 2155 sitio
236 2090 374 2174 amplius
390 2089 453 2154 sibi
473 2090 616 2174 spatium
636 2089 756 2173 poscit;
776 2091 904 2153 tantum
920 2088 1011 2173 addo,
1031 2088 1285 2175 antistropbicae

138 2184 369 2280 responsionis
393 2197 585 2281 quibusdam
618 2196 652 2260 in
689 2195 838 2279 partibus
875 2200 927 2261 tot
959 2201 1091 2283 tamque
1123 2196 1286 2262 luculenta

139 2304 279 2387 vestigia
302 2307 420 2387 extare,
443 2308 480 2369 ut
502 2305 559 2389 qui
582 2327 639 2389 per
658 2304 844 2369 universum
868 2326 999 2369 carmen
1020 2307 1198 2389 potuisse
1220 2305 1285 2370 for-

138 2416 225 2475 tasse
249 2411 339 2475 illam
363 2411 526 2495 pertinere
550 2412 716 2496 statuerit,
745 2411 775 2476 ei
798 2415 885 2476 certe
908 2412 1056 2496 exemplo
1080 2413 1198 2498 aliquo,
1221 2435 1284 2498 quo

138 2540 240 2601 usque
272 2518 424 2603 progredi
457 2518 492 2582 in
522 2516 583 2583 boc
616 2540 734 2603 genere
766 2518 891 2603 liceret,
925 2518 1158 2584 ostendendum
1187 2519 1286 2584 fuerit

139 2631 172 2688 et
196 2625 249 2689 via
272 2625 498 2709 monstranda,
530 2647 595 2709 qua
619 2625 781 2691 incedenti
805 2626 944 2709 cuipiam
967 2625 1093 2691 felicius
1117 2626 1285 2691 succedere

139 2732 340 2816 singulorum
369 2732 551 2798 emendatio
580 2736 699 2816 posset.
745 2731 914 2797 Eiusmodi
944 2732 1127 2817 exemplum
1151 2733 1285 2819 reliquis

139 2838 235 2923 longe
258 2839 461 2924 probabilius
485 2839 551 2904 diri
579 2838 662 2903 illud
686 2860 756 2903 esse
780 2838 865 2923 quod
887 2862 908 2902 a
931 2836 1074 2904 Seidlero
1098 2843 1148 2904 est
1170 2862 1285 2924 propo-

138 2947 250 3031 situm,
274 2946 330 3010 scd
353 2951 465 3011 tamen
487 2946 535 3011 ita
557 2945 620 3011 hoc
644 2946 751 3029 ipsum
779 2948 1012 3030 comparatum,
1036 2950 1072 3010 ut
1090 2947 1283 3030 quibusdam

137 3053 172 3116 in
201 3052 281 3117 locis
309 3053 408 3118 etiam
436 3052 543 3117 limari
571 3057 605 3117 et
628 3052 740 3137 perlici
763 3074 859 3135 posse
883 3052 1054 3118 videretur.
1101 3052 1193 3129 Quod
1216 3054 1285 3137 qui·

139 3159 213 3223 dem
237 3159 297 3225 hac
322 3160 428 3244 specie
452 3159 561 3224 studui
585 3160 758 3224 declarare.

605 3337 773 3423 Προῳδόε.
797 3336 813 3401 I

253 3448 393 3526 Θρεῖιμαι
418 3448 543 3527 φοβερὰ
568 3444 679 3525 μεγάλ’
702 3445 788 3525 ἄχη.’

660 3565 698 3634 α’.
723 3569 754 3634 ll

252 3684 391 3757 μεθεῖται
415 3679 546 3758 ττρατὸ(
570 3677 788 3756 ττρατόπεδον
813 3677 924 3755 λιπών,

156 3801 192 3850 80
251 3786 300 3864 ῥεῖ
322 3789 424 3851 πολὺ(
447 3786 503 3850 όδε
528 3787 611 3850 λεὼ(
634 3784 816 3864 πρόδρομοι
839 3783 985 3848 ἱππόται.

657 3883 759 3990 μἰιι

252 4017 374 4097 αἰθερία
396 4016 482 4081 κόνι(
507 4038 543 4095 με
568 4015 670 4080 πείθει
694 4014 826 4095 novere,

253 4124 273 4186 ἃ
297 4124 425 4188 ’ναυδοε
449 4126 551 4203 ταφὴ(
575 4123 688 4201 ἔτυμοε
712 4121 850 4200 ἄγγελος
873 4127 1018 4189 ποτᾶται.

139 4371 300 4441 praemissis
328 4371 458 4426 nimirum
484 4369 650 4440 simpliciter
677 4368 721 4422 hia
749 4366 855 4422 verbisz
894 4368 941 4422 ‘ln
970 4368 1096 4438 margine
1126 4371 1196 4424 haec
1228 4387 1283 4425 non

140 4459 267 4514 Paesovii
285 4477 370 4515 manu
388 4459 542 4529 adscripta:
562 4456 737 4513 «Riesems’
777 4455 805 4509 C.
825 4454 883 4525 W.]

196 4567 236 4601 ra.
256 4568 404 4603 urracasun
425 4567 556 4602 onrscvu
576 4567 600 4601 ι’.
1039 4555 1070 4602 ῖό
