2986 5010
455 380 718 430 nunuurmours
743 378 949 430 nurvmuan.
1208 362 1272 430 451

128 524 445 592 innumeratum
469 527 588 611 duplici
611 529 767 592 cccicccmc
791 533 1001 593 concocturus
1025 529 1077 610 sit,
1100 532 1210 592 tamen
1235 528 1274 591 ad

128 635 336 699 coniunctum
359 656 432 699 cum
451 634 543 699 hiatu
563 636 741 700 molossum
760 640 894 700 nauseet
917 635 1093 721 oportet.*)
1130 634 1199 701 Nec
1222 635 1275 718 qui

135 742 242 827 sapiat
266 765 294 806 v.
318 741 358 805 31
385 763 402 805 e
426 741 583 806 librorum
607 744 768 825 scriptura
790 748 1004 806 succrescere-ru
1025 743 1185 807 ubemumc
1207 741 1275 805 effi-

128 850 192 914 ciet
214 849 392 914 uiccrcru'ut
412 849 574 914 ademauro
596 851 705 933 potius
729 872 826 933 quam
848 850 1020 914 succrescere
1042 845 1275 934 ubuuume**):

129 979 211 1041 quae
241 956 365 1020 formae
395 956 524 1040 saepius
553 979 649 1040 quam
673 962 768 1040 putes
791 957 824 1020 in
850 956 942 1020 libris
967 961 1169 1040 permutatae
1194 960 1277 1021 sunt.

129 1063 212 1126 Item
235 1063 335 1128 Nonii
359 1062 454 1126 fidem
478 1062 639 1147 (quamvis
664 1085 722 1146 per
744 1085 778 1127 se
798 1062 1002 1150 ambiguam)
1021 1065 1189 1130 nobiscum
1210 1087 1276 1128 am·

128 1170 241 1252 plexus
269 1193 297 1235 v.
322 1171 388 1234 410
416 1171 577 1253 praeferet
600 1171 685 1255 quod
709 1193 807 1254 supra
835 1172 1003 1255 posuimus
1027 1194 1104 1255 prae
1127 1171 1188 1235 hac
1212 1172 1276 1235 col-

131 1278 291 1343 locatione
317 1277 487 1342 verborum
512 1299 593 1360 quae
618 1281 667 1342 est
690 1279 725 1341 in
748 1277 929 1343 codicibus:

218 1419 322 1497 Quam
347 1419 378 1485 si
399 1425 434 1485 tu
459 1420 582 1485 obicias
604 1421 744 1527 fdruricr‘s
767 1422 962 1505 papauerem
989 1421 1049 1500 [sio
1072 1419 1196 1501 Trin.²].

130 1563 213 1629 ltem
238 1587 266 1629 v.
290 1565 370 1630 648:

219 1707 457 1791 Praecptauisti
481 1709 625 1772 amorem
649 1711 742 1771 tuum
765 1708 814 1771 uti
837 1710 952 1772 crinali
977 1709 1190 1792 praeponeres
1215 1707 1276 1788 [sie

250 1834 251 1837 ’
983 1812 1098 1895 Trin.²]

131 1958 282 2041 quantilli
309 1958 373 2022 fuit
396 1981 434 2023 ex
458 1975 762 2022 ruuuurrunsuurr
786 1958 837 2021 vel
862 1976 1199 2024 rnunrnurnrumuc
1223 1958 1277 2021 vel

130 2083 430 2131 ruimurauuuruur
449 2065 600 2129 efficere?
624 2061 751 2129 Certius
772 2066 871 2129 ctiam
891 2089 918 2131 v.
933 2067 996 2130 977
1018 2066 1186 2131 restitutus
1211 2070 1275 2130 est:

220 2199 320 2272 Prdin
348 2213 384 2272 tu
407 2212 441 2273 te
464 2208 589 2291 itidem,
623 2211 660 2271 ut
683 2207 903 2272 charmidatus
927 2208 971 2285 έε,
1000 2209 1126 2273 rausum
1149 2207 1275 2273 rechar-

985 2315 1086 2380 mida:

129 2459 161 2521 in
186 2479 250 2542 quo
273 2480 345 2522 cum
370 2463 402 2521 et
426 2457 520 2522 valde
543 2458 676 2542 ingrata
698 2459 744 2523 sit
768 2458 939 2521 verborum
962 2457 1172 2522 charmidatus
1189 2479 1220 2522 cs
1243 2458 1277 2521 in

129 2587 263 2630 caesura
292 2565 480 2649 diremptio,
510 2568 543 2628 et
571 2566 698 2629 ratione
725 2567 834 2629 carcat
862 2564 1056 2629 recha-umida
1086 2565 1191 2630 forma
1223 2565 1277 2647 [cf.

130 2694 228 2756 supra
246 2695 276 2756 p.
296 2673 385 2756 331],
408 2679 441 2737 et
464 2678 497 2736 lu
520 2672 702 2737 tenacibus
725 2672 761 2735 in
784 2677 844 2735 tute
868 2671 1048 2736 coniunctis
1072 2671 1276 2735 accusativus

129 2778 226 2862 desit,
258 2794 323 2844 non
346 2779 472 2843 videtur
494 2778 637 2842 dubitari
664 2801 759 2861 posse
781 2779 861 2872 quin
884 2783 982 2861 poeta
1005 2777 1170 2860 scripserit
1193 2778 1277 2861 quod

130 2886 323 2970 recepimus:

909 2981 929 3015 0

219 3037 318 3109 Prdin
342 3049 412 3110 tute
435 3046 561 3129 itidem,
593 3051 630 3110 ut
663 3045 904 3123 charmidatu’S,
938 3049 1066 3110 rursum
1098 3050 1125 3109 lc
1151 3047 1278 3111 dechar-

985 3151 1080 3216 mida.

132 3295 193 3359 His
216 3296 320 3381 igitur
343 3296 417 3361 hinc
442 3296 624 3380 segregatis
648 3296 681 3359 in
704 3299 776 3360 tota
799 3294 990 3359 Trinummo
1014 3300 1143 3378 praeter
1159 3303 1275 3378 postro-

130 3425 216 3469 mum
238 3405 416 3487 percuteris
443 3403 526 3468 illud
549 3402 611 3468 dno
636 3403 784 3486 exempla
808 3406 947 3485 restant,
975 3424 1057 3485 quae
1080 3425 1145 3467 non
1169 3404 1274 3487 magis
1289 3426 1384 3468 ocxvr

131 3534 202 3576 esse
239 3510 443 3576 sollicitanda
480 3510 649 3574 videantur
687 3532 784 3593 quam
801 3508 1001 3581 ‚Ennianum
1038 3511 1075 3574 (lc
1106 3531 1210 3589 rucco,
1248 3534 1276 3575 v.

132 3619 206 3683 862.
229 3619 309 3683 947:

220 3758 265 3824 Ni
288 3759 358 3824 sslic
381 3760 511 3825 homost
534 3763 590 3824 aut
614 3760 809 3824 dormitator
831 3760 887 3823 urit
909 3759 1002 3823 sector
1025 3759 1181 3823 aunarius.

221 3868 412 3933 Praedicare
441 3866 615 3949 [aepulare
644 3864 764 3947 Trimi]
794 3870 924 3951 oportet
953 3867 1008 3952 qui
1037 3867 1095 3931 abs
1124 3871 1211 3930 terra
1236 3866 1280 3930 dd

931 3974 1048 4038 caelum
1071 3973 1263 4056 peruc'nerit.

132 4102 256 4178 Quibus
280 4105 455 4185 cognatum
478 4100 512 4163 in
535 4097 652 4162 Bacch.
677 4098 741 4162 756
766 4098 859 4180 [795]

221 4242 266 4308 Vt
288 4243 389 4308 uerba
411 4240 492 4306 mihi
516 4240 585 4324 dat,
607 4240 643 4303 u't
663 4227 765 4304 nescio
787 4261 884 4322 quam
907 4240 974 4302 rem
998 4243 1091 4323 gerat

238 4418 263 4487 *)
284 4418 337 4489 [Cf.
357 4419 444 4489 praef.
464 4415 555 4472 Tria*
573 4434 600 4485 p.
621 4414 743 4483 nuru]

223 4508 264 4575 **)
284 4509 340 4578 [lta
359 4508 493 4577 Scaliger,
515 4508 610 4562 Densa
628 4506 676 4574 fil,
696 4504 814 4572 lteizius,
832 4503 907 4572 qnod
926 4503 1101 4558 confirmavit
1120 4505 1168 4574 A]

1009 4592 1063 4646 29*
