2992 5004
264 343 327 407 336
552 358 813 406 snousuonsur
837 357 883 404 us
909 356 1118 405 uarromuvs

264 503 417 588 quiddam
442 507 556 588 exstet,
581 504 676 588 quale
699 503 846 568 futurum
865 502 908 568 sit
927 503 1017 567 velut
1038 500 1250 577 catullinum,
1274 522 1295 565 a
1316 505 1413 582 satur,

262 611 394 676 satanam
418 610 559 695 ductum,
581 611 744 676 satelliam
765 611 891 676 animae
913 614 949 673 ut
973 608 1017 673 sit
1040 607 1167 672 animae
1191 606 1326 690 plenum
1350 628 1413 672 non

263 718 413 804 salinum,
437 719 492 783 sed
513 719 644 783 omniuo
664 718 880 801 vasculum,
904 739 977 782 cum
996 715 1073 780 salis
1092 715 1303 799 potissimum
1322 715 1413 778 notio

264 825 304 889 ad
329 825 512 890 sententiae
536 825 601 890 vim
626 826 759 890 minime
782 827 973 910 requiratur.
984 822 1016 911 *)
1040 861 1084 871 —
1117 821 1229 888 Simile
1255 819 1413 904 estquod

264 955 294 996 v.
317 932 383 996 512
407 954 444 995 ex
469 931 679 996 Ambrosiani
703 933 851 1018 vestigiis
875 933 995 997 conieci
1020 953 1079 1016 pro
1102 932 1222 995 matrice
1245 927 1335 993 aliud
1359 949 1413 990 no-

265 1061 338 1103 mcn
368 1039 498 1123 aliquod
519 1039 598 1105 sive
627 1041 663 1104 iu
694 1040 795 1105 veteri
824 1040 940 1124 lingua
969 1040 1038 1103 sive
1068 1040 1103 1103 iu
1136 1039 1220 1102 vitae
1246 1059 1308 1100 usu
1332 1057 1413 1099 com-

267 1147 356 1210 muni
380 1146 560 1228 exstitisse,
584 1146 669 1230 quod
693 1169 713 1211 a
736 1164 781 1212 To
806 1139 925 1212 litteris
947 1147 1118 1230 inciperet:
1152 1145 1248 1229 quale
1273 1141 1413 1226 exempli

265 1275 380 1317 caussa
409 1253 564 1336 proposui
598 1254 860 1331 tolcrotrc'cem,
894 1253 1024 1317 mallem
1052 1251 1190 1335 exempli
1219 1252 1414 1315 auctoritate

266 1358 473 1443 positum.**)
492 1396 528 1405 -
546 1357 766 1444 Singularium
782 1361 849 1425 sive
864 1361 1093 1425 vocabulorum
1114 1360 1182 1424 sive
1202 1357 1413 1443 significatio-

160 1496 249 1535 nxxx
265 1488 343 1529 num
357 1466 443 1531 idem
458 1467 489 1530 A
505 1466 604 1530 etiam
619 1467 698 1531 alibi
712 1490 775 1532 non
792 1469 886 1532 testis
901 1468 1004 1552 magis
1019 1489 1116 1552 quam
1131 1466 1306 1551 ambiguus
1321 1464 1413 1530 iudex

267 1576 329 1656 est,
358 1574 445 1638 velut
472 1598 502 1639 v.
525 1575 591 1639 335
619 1573 774 1638 exhibens
802 1578 838 1638 ut
866 1574 993 1639 videtur
1016 1574 1329 1657 praemandatum
1355 1595 1414 1655 pro

261 1682 484 1763 praedicatam,
503 1686 535 1746 et
552 1704 610 1767 pro
628 1683 809 1765 aripatorias
831 1705 859 1747 v.
879 1683 944 1748 844
963 1699 1057 1747 nanu
1073 1717 1080 1732 ·
1095 1698 1229 1759 sosias,
1253 1703 1319 1764 quo
1339 1678 1413 1764 quid

267 1787 384 1854 faciam
399 1791 515 1874 nescio,
530 1790 594 1855 nisi
611 1791 697 1875 quod
712 1812 776 1854 uon
794 1790 902 1854 deberi
915 1790 1031 1855 calami
1048 1790 1154 1875 lapsui
1172 1785 1414 1873 intellegam)

267 1894 385 1960 Mirum
400 1897 498 1961 etiam
514 1920 542 1961 v.
554 1897 619 1961 643
634 1914 832 1962 annuamus
848 1896 924 1978 [h.e.
935 1899 1154 1982 numanum]
1169 1919 1228 1981 pro
1243 1900 1415 1977 anteparta.

269 2002 416 2068 -Versu
434 2009 544 2069 tamen
566 2004 632 2069 644
651 2003 702 2089 (ut
722 2028 848 2070 rursum
870 2005 910 2068 ad
930 2005 1042 2089 paullo
1071 2005 1211 2070 certiora
1234 1999 1416 2084 transeam)

267 2109 351 2173 haud
372 2111 438 2174 scio
458 2134 500 2175 au
520 2133 579 2195 pro
597 2112 721 2190 aindas,
745 2111 778 2176 iu
798 2133 861 2194 quo
882 2110 1073 2196 corrigendo
1094 2110 1199 2175 critici
1218 2113 1416 2193 sategerunt,

268 2222 306 2279 tu
333 2217 419 2280 olea
445 2239 511 2281 non
540 2218 608 2282 sine
632 2217 865 2301 probabilitate
890 2218 1087 2301 scripserim,
1112 2239 1309 2302 quamquam
1334 2216 1417 2280 litte·

268 2345 376 2386 rarum
401 2323 612 2389 similitudine
636 2347 700 2390 non
724 2348 862 2390 summa:
886 2347 967 2409 quae
987 2346 1048 2388 vox
1067 2323 1292 2409 impedimenti
1312 2322 1416 2387 uotio-

268 2451 341 2493 nem
366 2431 464 2496 etiam
488 2431 606 2496 Persae
622 2430 663 2513 ll,
679 2434 709 2514 2,
725 2432 765 2496 21
791 2431 903 2496 habet:
926 2432 1206 2497 cmmmorumdamst
1227 2430 1315 2511 apud
1335 2428 1415 2492 hauc

268 2534 429 2621 obicemt)
475 2536 561 2602 Nam
587 2539 746 2604 vindicem
769 2538 898 2622 quidem
922 2559 987 2603 uon
1010 2560 1106 2622 posse
1130 2537 1197 2603 ullo
1221 2541 1319 2621 pacto
1343 2557 1416 2600 eum

358 2785 384 2855 *)
404 2786 457 2856 [Ex
477 2787 651 2842 addendis
668 2805 694 2857 p.
714 2800 856 2841 ocoxxlv:
877 2786 916 2855 ‘p.
936 2799 1035 2839 uma
1053 2783 1157 2856 expetii
1175 2783 1417 2854 quadrisyllabum

269 2875 377 2930 vasculi
404 2893 507 2932 nomen
534 2876 662 2946 aliquod,
690 2875 764 2945 quod
788 2875 862 2929 Tria.
882 2894 908 2931 v.
929 2881 981 2928 492
1009 2874 1081 2930 duce
1105 2873 1291 2929 Ambrosiano
1320 2873 1416 2929 codice

269 2965 297 3019 in
331 2969 476 3035 suspectae
508 2967 630 3021 salillam
662 2965 768 3020 formae
803 2966 896 3021 locum
924 2966 1146 3020 substitueretur.
1192 2963 1279 3019 Tale·
1296 2964 1350 3017 etsi
1384 2980 1417 3016 ne

268 3073 341 3109 nunc
360 3055 474 3124 quidem
492 3054 595 3123 iuveni,
615 3059 708 3110 lamen
727 3056 751 3109 si
769 3055 841 3109 torte
861 3055 889 3109 in
908 3055 1055 3124 trisyllaba
1073 3054 1164 3108 torma
1182 3053 1417 3121 acquiescendum

269 3143 307 3196 sit
326 3141 534 3212 quadrisyllabo
553 3146 661 3199 animai
679 3143 811 3214 genetivo
830 3143 937 3210 iuncte,
961 3146 1075 3214 praesto
1095 3143 1178 3198 sitin
1198 3142 1322 3197 Labbaei
1343 3142 1417 3213 glos·

269 3231 349 3285 sariis
368 3232 617 3302 peraculum.
635 3235 799 3289 annotatum
819 3234 990 3288 «sitellam
1008 3234 1134 3301 κάδων»,
1153 3248 1202 3301 pro
1221 3248 1277 3299 quo
1296 3248 1312 3285 e
1331 3231 1417 3301 serip-

269 3321 376 3375 toribus
395 3323 484 3377 sitella
502 3324 612 3378 tantum
633 3325 662 3378 et
688 3324 774 3377 situla
802 3323 904 3377 tonnas
932 3323 1078 3378 novimus!
1118 3321 1247 3376 (letarum
1275 3321 1352 3388 quod
1382 3322 1417 3375 ab

271 3410 461 3466 Hildebraudo
479 3413 652 3483 exspectavit
670 3413 852 3479 sisennius,
878 3412 995 3467 Gustavi
1014 3410 1119 3466 Laeuii
1138 3409 1235 3481 copiae
1253 3410 1416 3481 suppedita-

268 3503 334 3554 runt
351 3501 476 3555 bats'llam
494 3502 622 3569 (amianas)
640 3501 829 3556 eruentiszot.
851 3502 952 3572 Opusc.
971 3501 1040 3570 phil.
1059 3500 1098 3554 ΙΙΙ
1118 3519 1145 3570 p.
1165 3506 1216 3554 ‘193
1227 3501 1280 3571 sq]

341 3587 383 3657 **)
403 3590 439 3660 [Α
460 3606 525 3644 vcro
545 3608 575 3646 se
594 3592 736 3647 aberrasse
755 3592 810 3647 hoc
829 3589 891 3647 loco
911 3593 1010 3660 postea
1028 3589 1115 3645 sensit
1134 3589 1306 3644 ltitschelius
1325 3591 1415 3644 autm-

270 3695 324 3733 cem
342 3677 522 3749 relinquens]

323 3767 381 3838 m)
402 3770 640 3839 [armassemus
661 3771 717 3835 Λες
736 3768 771 3823 ct.
791 3767 893 3837 Opusc.
912 3767 981 3837 phil.
1001 3768 1026 3821 ll
1045 3786 1071 3838 p.
1091 3767 1164 3838 aaa]

360 3860 390 3927 †)
419 3858 472 3928 [Ex
500 3858 677 3913 Adtendis
705 3877 731 3927 p.
751 3871 894 3912 coemi:
922 3858 965 3927 ‘p
985 3871 1070 3910 nxxx
1097 3856 1258 3911 dubitanter
1286 3855 1418 3911 detonsae

271 3948 461 4015 coniecturae,
490 3964 545 4016 qua
568 3946 766 4016 inexplicabile
790 3946 880 4000 visum
900 3964 925 4001 v.
946 3952 998 4001 644
1017 3947 1121 4000 uindex
1139 3961 1241 4000 nomeu
1260 3947 1370 4001 mutavi
1388 3946 1419 4000 in

272 4043 302 4090 la
320 4037 395 4103 adea,
414 4036 484 4090 illud
503 4037 614 4092 obstare
634 4036 715 4090 video
735 4036 810 4104 quod
827 4034 938 4090 Pbooas
957 4036 1078 4089 testatur
1096 4052 1122 4104 p.
1144 4040 1225 4089 1709:
1244 4034 1321 4090 <ralia
1340 4035 1419 4091 abla-

271 4127 361 4179 tiuum
384 4129 496 4181 tantum
518 4125 625 4180 habent
647 4124 675 4179 in
698 4124 834 4195 singulari
856 4140 985 4192 nurnero,
1013 4126 1045 4178 ut
1068 4124 1102 4178 ab
1124 4124 1174 4177 boc
1195 4123 1287 4194 fmcpi,
1314 4126 1352 4179 ab
1370 4126 1419 4179 liae

272 4215 357 4280 abice,
385 4216 420 4269 ab
438 4215 490 4269 boc
509 4232 600 4284 prece,
628 4215 663 4269 ab
686 4214 735 4268 bac
758 4215 885 4268 uisam.»
923 4213 1003 4279 Quod
1027 4212 1208 4282 praeceptum
1227 4212 1283 4268 etsi
1301 4231 1359 4268 non
1378 4216 1421 4268 est

272 4303 347 4357 omni
370 4321 404 4359 ex
427 4306 506 4374 parte
529 4321 640 4371 verum,
669 4321 731 4357 cum
755 4303 830 4373 apud
854 4303 946 4373 ipsum
969 4302 1103 4358 Plautum
1127 4303 1214 4358 etiam
1238 4303 1419 4358 accusativus

272 4393 372 4446 obiam
390 4396 489 4459 exstet,
507 4396 604 4448 tamen
622 4394 716 4448 nescio
734 4410 771 4447 an
786 4408 847 4446 eam
862 4391 919 4447 vim
935 4392 1039 4447 habeat
1052 4394 1084 4446 ut
1098 4392 1197 4446 saltem
1212 4392 1419 4449 nominativum

273 4480 358 4535 tuisse
376 4480 541 4536 inusitatum
560 4482 735 4551 persuadeat.
773 4480 876 4536 Contra
900 4482 1004 4536 uindex
1027 4480 1082 4535 nisi
1102 4482 1173 4536 torte
1192 4481 1219 4534 in
1240 4481 1335 4550 prisca
1353 4482 1417 4538 lsti-
