2918 5004
262 333 328 396 660
643 349 876 398 aaramrscau
898 351 1025 400 annus.

262 511 379 576 genere
402 491 637 576 propemodum
659 493 877 579 principatum
900 497 1025 559 teneat:
1052 493 1136 578 quin
1168 492 1213 558 de
1244 494 1360 578 poesis
1383 517 1426 560 ce

261 602 469 684 terarumque
497 600 616 664 artium
644 599 867 666 existimatore
895 601 936 666 ab
965 600 1155 685 elegantiae
1189 622 1299 667 sensu
1327 603 1424 687 philo

261 705 458 791 sophiaeque
481 706 603 771 lumine
625 707 891 772 instructissimo:
914 708 992 792 quin
1016 707 1054 772 de
1078 712 1186 792 pocta
1211 709 1243 774 si
1267 731 1339 775 non
1361 733 1423 795 per·

260 812 417 898 eleganti,
441 817 476 876 at
498 834 563 878 non
587 835 664 877 sane
687 813 753 877 ullo
777 812 873 877 modo
897 813 1059 880 mediocri.
1110 812 1182 880 Sed
1207 819 1329 882 tamen
1352 816 1422 882 hacc

260 923 328 984 tam
352 919 481 984 diversa
502 919 589 983 inter
612 941 646 984 se
670 917 779 983 studia
802 923 890 984 certo
910 921 1160 986 communitatis
1182 922 1327 989 vinculo
1346 924 1421 988 inter

261 1048 295 1095 sc
319 1026 472 1111 copulata
497 1024 626 1108 habuit,
655 1025 740 1110 quod
768 1026 823 1091 ubi
851 1026 1129 1112 indagaverimus,
1159 1028 1280 1113 ipsum
1305 1030 1419 1096 fontem

261 1134 425 1218 apernisse
453 1133 662 1198 consiliorum
690 1154 772 1217 quae
801 1137 943 1198 sectatus
971 1138 1021 1198 est
1048 1134 1206 1200 omnium
1231 1138 1418 1203 videbimur.

259 1239 346 1305 Nam
374 1262 438 1326 quo
466 1240 521 1304 ille
549 1244 716 1325 tamquam
744 1239 956 1305 fundamento
984 1263 1121 1325 operam
1153 1265 1298 1310 ornnem
1322 1246 1355 1310 in
1376 1245 1416 1309 lit

261 1349 339 1413 teris
368 1351 459 1412 tanta
488 1369 560 1413 cum
585 1347 692 1432 gloria
714 1347 858 1430 positam
882 1349 1115 1433 superstruxit,
1146 1350 1208 1415 illa
1233 1351 1305 1417 fuit
1328 1354 1415 1417 anti·

261 1455 428 1540 quitatis
446 1453 617 1520 Graecae
636 1453 908 1540 Romanaeque
927 1454 1133 1521 incredibilis
1154 1457 1350 1543 admiratio,
1371 1482 1413 1525 co

260 1562 364 1648 gnitio
388 1563 577 1646 plenissima
599 1566 633 1626 et
655 1565 812 1645 perpetua
835 1562 1002 1640 tractatio,
1026 1584 1110 1647 quae
1136 1585 1199 1649 per
1226 1566 1301 1631 eius
1325 1568 1411 1632 vitam

260 1692 280 1734 a
302 1671 407 1753 prima
426 1668 645 1758 adulescentia
664 1667 704 1732 ad
723 1671 901 1733 extremam
920 1672 1122 1734 senectutem
1143 1673 1314 1755 pertinuit
1331 1679 1410 1739 tanto

259 1777 389 1862 quidem
412 1776 551 1860 fervore,
575 1776 674 1840 immo
700 1775 853 1860 flagranti
877 1775 1003 1858 ardore,
1026 1781 1064 1840 nt
1086 1776 1233 1844 difficile
1258 1780 1346 1846 dictu
1368 1782 1409 1861 sit,

259 1885 373 1968 plusne
401 1884 451 1948 illi
478 1881 559 1947 haec
586 1882 693 1946 studia
720 1904 761 1946 an
789 1881 839 1946 his
869 1881 983 1946 studiis
1016 1882 1086 1967 ipse
1122 1883 1263 1951 debeat.
1309 1887 1407 1952 Testes

260 1995 336 2057 sunt
363 1991 556 2077 quicumque
583 1989 621 2053 de
649 1990 718 2055 eius
746 1989 814 2054 vita
840 1989 949 2073 paullo
977 1989 1172 2074 diligentius
1209 1995 1406 2076 rettulerint,

258 2102 359 2163 testes
387 2098 491 2183 ipsius
519 2096 676 2180 epistulae
705 2096 770 2160 iam
798 2117 837 2159 er
865 2100 958 2180 parte
986 2092 1130 2180 (utinam
1155 2101 1307 2188 cmnesl)
1329 2103 1404 2166 sora

259 2205 363 2288 datae,
386 2209 486 2269 testes
505 2225 682 2289 numquam
702 2203 847 2286 peritura
870 2224 951 2287 quae
975 2203 1098 2288 ingenii
1124 2207 1178 2271 sui
1205 2214 1403 2274 monumenta

259 2311 542 2395 praestantissima
564 2309 749 2394 posteritati
774 2308 927 2392 prodidit.
965 2307 1149 2384 Germanus
1175 2314 1215 2379 in
1241 2316 1309 2399 illo,
1332 2316 1402 2380 siin

259 2440 323 2502 quo
347 2418 411 2482 alio
435 2439 598 2503 umquam,
620 2416 684 2481 fuit
703 2415 900 2480 Graecorum
923 2416 1066 2500 spiritus,
1089 2439 1167 2482 cum
1193 2425 1268 2486 arte
1293 2422 1400 2507 simpli·

258 2524 350 2608 citas,
373 2546 447 2589 cum
470 2524 579 2608 gratia
601 2522 757 2608 gravitas,
780 2543 852 2587 cum
872 2525 1034 2588 suavitate
1054 2525 1230 2606 maiestas,
1254 2552 1328 2594 cum
1346 2553 1402 2615 per·

258 2632 441 2697 severantia
470 2630 652 2711 urbanitas,
683 2650 755 2693 cum
783 2630 966 2695 constantia
988 2629 1199 2716 liberalitas,
1227 2635 1400 2702 humanitas

257 2761 330 2805 cum
357 2737 557 2804 fortitudine.
604 2735 696 2813 Quod
721 2739 828 2800 autem
853 2759 912 2800 usu
935 2736 1045 2801 venire
1068 2760 1310 2828 usquequaque
1334 2744 1398 2809 vide

257 2868 343 2930 mus,
374 2849 423 2928 ut,
454 2866 517 2928 quo
549 2844 621 2929 quis
652 2844 883 2908 accuratiorem
914 2844 1119 2929 singulorum
1150 2849 1330 2916 scientiam
1352 2850 1398 2915 sibi

257 2952 506 3037 comparaverit,
539 2972 577 3015 eo
605 2950 724 3015 rectius
752 2950 818 3014 vim
847 2950 988 3015 universi
1015 2952 1146 3036 generis
1177 2957 1353 3042 percipiat,
1375 2955 1397 3019 id

256 3060 312 3124 ille
336 3080 461 3145 quoque
484 3059 533 3123 ita
555 3061 705 3141 expertus
729 3061 788 3141 est,
811 3062 856 3141 ut,
880 3079 942 3142 quo
966 3079 1001 3121 se
1021 3056 1206 3125 studiosius
1227 3063 1265 3128 in
1283 3065 1396 3129 intimos
1458 3078 1459 3129 ξ

257 3166 463 3250 antiquitatis
497 3186 641 3230 recessus
676 3164 873 3229 insinuasset
910 3186 1037 3249 quoque
1069 3166 1232 3234 artiorem
1273 3193 1342 3237 cum
1367 3191 1393 3233 ea
1458 3157 1459 3170 ¹

256 3273 514 3338 familiaritatem
533 3272 758 3354 contraxisset,
782 3292 819 3335 eo
843 3271 961 3336 certius
986 3292 1118 3337 caussas
1144 3279 1182 3338 et
1206 3277 1394 3364 intellegeret

256 3384 290 3445 et
313 3380 376 3445 sibi
399 3380 620 3466 persuaderet,
649 3401 706 3445 cur
733 3378 791 3442 illa
820 3377 902 3442 nulli
926 3378 1026 3442 aetati
1049 3399 1116 3443 non
1141 3401 1218 3448 esse
1245 3390 1392 3450 aeternna
1453 3471 1454 3474 Ἴ

256 3487 384 3552 virtutis
411 3489 575 3572 exemplar
603 3508 641 3551 ac
663 3485 815 3570 perennis
838 3484 911 3549 fons
935 3506 1029 3549 verae
1056 3484 1329 3557 humanitatis
1355 3489 1391 3552 dc

256 3594 356 3659 beret,
401 3593 550 3678 Namque
578 3593 639 3658 hac
662 3615 727 3656 una
750 3613 828 3658 voce
851 3596 936 3657 recte
960 3592 1133 3675 complecti
1160 3617 1281 3663 omncs
1304 3601 1389 3682 partes

255 3702 324 3766 eius
352 3701 573 3786 praestantiae
602 3703 635 3763 et
662 3698 868 3763 auctoritatis
895 3698 1055 3782 videmur,
1083 3721 1186 3783 quam
1216 3705 1294 3786 pari
1315 3700 1388 3789 perti·
1449 3783 1450 3786 Ἴ

254 3809 348 3873 nacia
379 3813 476 3893 atque
507 3807 588 3872 adeo
619 3805 795 3871 acrimonia
824 3804 907 3870 alios
938 3804 1034 3870 hodie
1065 3806 1239 3876 vindicare
1274 3808 1387 3894 antiqui·

254 3914 333 3978 tatis
362 3914 492 3998 studiis,
520 3913 677 3999 denegare
705 3912 788 3977 alios
816 3912 975 3977 videmus:
1006 3914 1138 3998 quando
1168 3916 1384 3984 humanitatem

255 4044 326 4087 eam
350 4021 559 4106 perfectionis
584 4018 804 4086 condicionem
822 4020 1084 4105 interpretamur,
1107 4022 1150 4087 ad
1171 4046 1276 4108 quam
1295 4041 1385 4109 aequa·
1450 4019 1451 4025 ’

253 4128 365 4194 biliter
392 4134 426 4196 et
452 4129 630 4195 liberaliter
658 4127 795 4191 excultis
819 4127 1029 4193 facultatibus
1052 4120 1202 4195 humano
1229 4132 1336 4218 generi
1354 4129 1385 4191 iu·
1448 4116 1449 4120 ¹

255 4237 327 4302 sitis
342 4238 465 4303 cunctis
479 4235 646 4320 pervenire
665 4232 773 4316 homo,
792 4234 921 4317 qualem
941 4237 1076 4299 naturae
1095 4236 1290 4325 benignitas
1308 4235 1386 4313 finxit

253 4345 367 4426 possit.
403 4346 453 4409 Ad
472 4344 557 4410 hanc
575 4344 676 4427 igitur
694 4340 931 4405 humanitatem
950 4342 978 4405 si
1000 4342 1138 4427 propius
1163 4369 1269 4431 quam
1288 4352 1384 4413 vetares

253 4450 329 4514 illos
353 4451 474 4515 nullam
499 4472 652 4535 umquam
676 4450 806 4534 gentem
830 4447 1003 4512 accessisse
1023 4455 1215 4518 communis
1235 4470 1385 4521 consensus
1443 4456 1444 4459 ’
