2910 5010
189 333 345 381 ακοιοιιτ
370 334 439 381 κον
463 334 524 380 nm
549 332 733 382 εοπυκοιιτ
757 333 828 380 νον
851 330 1106 379 mmmmm.
1157 313 1219 377 691

124 479 179 542 Καὶ
203 478 314 556 δηίοιςι
337 478 478 556 πύρεςςι·
501 477 633 556 μάλιςτα
657 475 685 539 b’
708 474 758 553 όγ’
781 475 993 554 ἡγεμόνεςςιν,
1056 504 1059 509 ’

122 584 236 648 Αύτοίς
259 604 319 662 περ
344 586 545 663 φρονέουςιν,
569 585 617 648 ἐνὶ
641 585 781 662 ςτέρνοις
805 585 900 661 μένος
923 581 1007 660 ἧκεν.

119 688 217 770 Ἠρχε
242 690 272 755 δ’
294 693 329 757 ἐν
353 693 555 771 Αύςτριακοῖς
579 693 677 771 μέγα(
700 692 785 770 ἥρως
808 695 1011 773 θωρηκτῇςιν,

111 797 256 862 ’Τίλλυος
279 797 522 877 ὀμβριμοεργός·
546 799 593 862 ἐνὶ
617 800 754 876 ςτήθεςςι
779 797 813 859 δὲ
838 794 939 873 θυμόν

121 905 251 982 Θρέιμεν
275 902 455 982 ἀταρτηρόν
479 905 530 967 καὶ
553 903 727 989 ἀμείλιχον,
750 901 829 989 ὥςτε
854 902 963 966 λύκοιο

119 1009 317 1090 Ὠμοφάγου,
340 1010 407 1075 όςτ’
430 1009 497 1076 ὡκα
521 1010 589 1077 κατ’
612 1011 727 1089 οὔρεος
751 1010 905 1089 ύλήεντος

123 1114 256 1200 Ἐμπέςῃ
279 1119 298 1195 ἢ
323 1116 437 1181 ὀίεςςιν
461 1121 480 1197 ἢ
505 1117 678 1201 ἀγραύλῃςι
704 1116 838 1196 βόεςςιν·

120 1223 254 1287 Ἥντινα
278 1222 306 1287 δ’
329 1224 377 1290 εἰν
400 1224 543 1303 ὀνύχεςςι
568 1225 657 1308 λάβῃ,
681 1226 714 1290 ἐξ
738 1224 860 1303 αὐχένα
883 1222 968 1302 ἀξας,

119 1329 188 1409 Αίμ’
210 1330 256 1394 ἔτι
279 1332 397 1410 θερμόν
421 1331 510 1397 ἔπινε
535 1335 591 1397 ςὺν
615 1332 801 1412 ἀπλήτοιςιν
824 1331 967 1396 ὀδούςιν·

120 1438 216 1501 Τοίος
239 1437 305 1502 ἐὼν
326 1439 449 1518 ἤναςςε,
473 1441 567 1504 κλέος
592 1440 815 1518 βαςιλεύτατος
838 1438 928 1518 ἀνήρ.

145 1648 235 1716 ’Τοῦ
259 1650 287 1715 δ’
310 1650 361 1717 ἐπ’
383 1653 588 1734 ἀριςτερόφιν
612 1655 683 1718 λαοὶ
707 1655 879 1717 ςτέλλοντο
903 1650 971 1717 κατ’
993 1652 1100 1732 ὀρθήν,

124 1757 218 1837 Ούρε’
242 1758 304 1824 ἀνα
328 1762 481 1841 ςκιόεντα,
504 1759 595 1825 τότ’
618 1761 802 1840 Εὐρύπεδον
826 1757 1041 1838 ςτεφάνωται,

119 1863 167 1928 Ἐς
191 1867 422 1964 Φιλυραγκείου
446 1868 563 1947 ἐρατοῦ
586 1866 899 1947 ἱερὸνπτολίεθρον.

119 1970 170 2037 Ἐν
194 1971 222 2035 δ’
245 1973 352 2040 αὐτῶν
375 1974 480 2054 ὀρέων
504 1977 797 2055 περιφαινομένοιο
821 1976 970 2053 καρήνοις

118 2079 257 2159 Ἱππήων
280 2085 406 2146 πυκιναὶ
430 2083 695 2163 ύποθωρήςςοντο
719 2081 894 2161 φάλαγγες.

163 2295 326 2374 Δεύτερος
349 2295 418 2360 αύτ)
442 2295 582 2376 ἀρχηγὸς
606 2297 653 2362 ἐνί
677 2301 799 2377 ςτρατῷ
823 2294 1016 2373 Αίγειρώδης

118 2400 255 2467 Ἐπλετο
279 2404 522 2484 καρτερόθυμος,
546 2403 678 2484 ἀμύμων
701 2403 776 2469 ὄζος
798 2402 928 2481 Ἄρηος·

121 2507 188 2573 Οίςι
212 2508 240 2572 b’
263 2509 320 2589 ἔην
344 2515 446 2576 λαοίςι
469 2512 628 2592 πελώριος
651 2513 728 2591 ἠΰτε
753 2513 882 2590 πύργος,

118 2614 213 2680 Ὅςτε
237 2615 333 2680 πόλιν
357 2616 465 2695 ῥύεται
489 2619 539 2682 καί
562 2617 670 2696 τείχεα
693 2617 797 2697 μακρὰ
819 2615 962 2680 πυλάων.

118 2720 178 2786 Ὣς
202 2721 221 2786 ό
244 2726 302 2802 μὲν
325 2725 500 2805 ἡγεμόνευε
524 2723 593 2803 μεθ’
615 2725 780 2804 ίππήεςςιν
803 2722 945 2800 ἀγαυοῖς,

122 2829 397 2910 Χαλκεοθώρηξιν·
420 2833 470 2896 τοὶ
493 2833 554 2910 γὰρ
578 2831 734 2910 κάρτιςτοι
758 2830 919 2895 ἁπάντων.

166 3045 186 3107 Γ
187 3043 292 3110 ότθων
316 3045 345 3109 δ’
367 3046 466 3126 ἀρχὸς
489 3047 546 3126 ἔην
570 3048 620 3111 καὶ
644 3046 815 3111 ἐπίςκοπος
838 3046 894 3124 ἠδὲ
919 3045 1044 3122 ςαωτήρ

121 3150 278 3216 Φίλτατος
302 3135 505 3218 ἀθανάτοιςιν
528 3152 616 3233 ἄναξ,
640 3152 820 3233 μεγάθυμος
843 3150 1016 3230 Ἄδολφος.

123 3257 177 3340 Τῷ
200 3258 231 3322 οἱ
255 3265 414 3340 ςκῆπτρον
437 3259 568 3326 ὄπαςςε·
592 3259 748 3344 πατήρ.ό’
771 3259 815 3324 ιίις
837 3259 923 3324 τίετο
947 3260 1044 3340 δήμῳ,

122 3363 263 3430 Ούνεκεν
284 3367 381 3446 ἤπιον
405 3367 474 3432 αἰὲν
498 3367 545 3432 ἐνὶ
568 3369 681 3447 φρεςὶν
704 3368 782 3449 ἦτορ
806 3365 934 3445 ἔχεςκεν

122 3469 177 3532 Καί
201 3470 231 3534 οἱ
255 3475 355 3552 μήδεα
379 3472 471 3538 πύκν’
494 3472 636 3551 ἐγένοντ’
660 3475 713 3538 ἐπὶ
737 3473 846 3551 κάρτεϊ
869 3475 994 3551 χειρῶν.

120 3574 205 3641 Ἀλλ’
228 3577 279 3656 ὅγ’
300 3580 526 3662 Ὑπερβορέων
550 3582 685 3661 ἐξήγαγε
708 3581 845 3660 τηλόθεν
869 3577 939 3656 αἴης

121 3681 252 3763 Ἀνέρας
276 3686 427 3765 αἰχμητὰς
450 3689 487 3752 έν
510 3687 738 3766 ποντοπόροιςι
762 3689 894 3752 νέεςςιν·

121 3791 218 3857 Ἔνθα
242 3792 373 3872 μόλιςτα
396 3795 519 3873 πέφυκε
544 3793 659 3873 κρότος
683 3798 812 3858 πολιοῖο
836 3793 972 3871 ςιδήρου.

121 3899 205 3963 Τοὺς
228 3899 257 3962 δ’
279 3899 330 3979 ὅγ’
354 3898 404 3965 ἐπ’
427 3898 540 3984 Ἠίμων
563 3901 691 3979 κούροις
715 3901 895 3979 μεγάθυμος
917 3896 1083 3977 Ἀδολφος

122 4003 252 4070 Ἄντιον
275 4005 411 4088 ἔςτηςεν,
435 4007 514 4071 κατὰ
538 4007 624 4073 δεξιὰ
648 4007 730 4070 λαόν
753 4008 883 4085 ἐέργων.

128 4110 261 4190 Κρίνατο
286 4111 314 4176 δ’
337 4112 382 4177 εἰς
405 4114 622 4192 φρήτραςκαί
646 4117 735 4192 φύλα
759 4115 814 4177 ςύν
836 4111 1049 4192 ἡγεμόνεςςιν,

119 4217 175 4282 Ὡς
199 4218 235 4283 εύ
258 4219 350 4298 γνοίη
375 4218 507 4283 ἑκάςτου
531 4220 567 4284 ἐν
591 4220 662 4304 αἰνῇ
687 4219 827 4298 δηῑότητι

123 4322 332 4405 Ἀμφότερον,
357 4325 466 4404 κακίην
488 4324 517 4389 τ’
540 4325 656 4406 ἀρετὴν
680 4329 715 4392 δέ
738 4347 774 4391 τε
798 4325 1008 4405 κυδιάνειραν.

123 4431 171 4495 Ού
194 4432 255 4511 γὰρ
279 4433 316 4496 ἐν
340 4433 524 4511 Εὐρυπέδου
548 4434 743 4514 ἐριβώλακος
766 4433 956 4498 αἰπολίοιςιν

955 4536 1010 4592 44*
