2986 5010
406 342 672 390 anannnrronrs
697 343 904 390 parvamne,
967 318 969 325 ‘
1169 325 1232 389 397

85 480 309 570 tmesmternfl
338 480 427 570 (nam
456 485 495 550 de
522 491 672 551 :aremare
699 487 798 552 Poen.
825 485 887 569 ΙΠ,
915 486 945 570 3,
973 486 1014 550 87
1044 484 1149 549 habeo
1177 505 1236 549 cur

87 611 284 676 magnopere
303 589 472 679 dubitem).
511 590 580 658 Nec
598 593 772 659 verendum
791 597 899 658 estne
919 593 991 677 quis
1010 593 1235 657 iuventutem

86 702 239 783 opponat,
261 699 296 762 in
319 720 383 782 qno
407 702 541 783 propter
564 699 803 787 singularem
825 722 844 764 v
867 699 1027 764 litterae
1051 703 1234 763 naturam

88 806 122 870 in
150 827 248 871 unam
275 806 398 890 primae
426 807 574 891 syllabae
602 809 789 873 coalescunt
816 810 852 872 ut
882 807 916 870 in
944 807 1144 891 pervulgatis
1168 805 1234 869 illis

86 934 218 977 nauem
238 909 342 996 (Trin.
356 911 501 1001 835**)),
521 913 711 999 boues***)‚
730 915 826 992 cais,
845 913 986 997 Iouem,
1004 934 1112 997 aeuo,
1131 913 1236 978 breui
1249 934 1312 976 carr

177 1178 203 1246 *)
224 1178 277 1247 [Ex
304 1177 478 1233 Addendis
506 1198 533 1249 p.
553 1192 707 1233 cccxxvrr:
741 1178 912 1248 ‘potestate-m
932 1177 1057 1233 simodo
1077 1182 1235 1249 correptam

90 1265 457 1336 antepaenultimamCapt.
478 1265 555 1335 V,1,
576 1271 608 1320 13
631 1266 748 1335 habeat,
776 1265 805 1320 id
833 1267 943 1321 tantum
972 1265 1047 1320 absit
1070 1268 1103 1321 ut
1127 1272 1236 1323 evertat

90 1356 192 1426 legem,
210 1359 243 1411 ut
261 1356 407 1411 confirmet
424 1355 532 1425 potius:
552 1355 665 1424 quando
684 1355 789 1410 usitata
807 1356 836 1410 in
850 1351 943 1425 poliat
960 1353 1076 1409 licentia
1092 1354 1186 1424 potuit
1199 1355 1237 1410 ad

89 1448 239 1514 cognatam
263 1444 432 1500 substantivi
453 1445 574 1499 formam
598 1445 754 1500 transferri:
778 1445 910 1500 similiter
932 1448 1018 1513 atque
1041 1461 1059 1497 a
1080 1460 1178 1499 monus
1200 1443 1237 1499 ad

89 1534 221 1588 minister.
255 1532 430 1602 Quamquam
449 1549 501 1604 ego
520 1550 575 1589 non
593 1534 648 1589 hoc
666 1533 785 1589 artificio
804 1537 868 1590 utar
886 1534 988 1604 potius,
1007 1550 1090 1602 quam
1109 1536 1159 1588 aut
1173 1550 1236 1587 cum

89 1620 153 1676 aliis
172 1621 261 1676 eiecto
280 1639 338 1676 eam
356 1621 521 1691 pronomine
540 1621 580 1677 sic
599 1622 731 1677 scribam:

161 1713 259 1780 Pater,
286 1714 315 1766 et
337 1712 454 1781 poteris:
485 1710 513 1766 at
537 1728 589 1782 ego
613 1713 726 1781 potero:
753 1714 783 1766 et
809 1711 838 1765 di
855 1712 1025 1781 potestatem
1049 1711 1169 1779 dabunt,

92 1803 143 1857 aut
162 1802 304 1857 servatum
328 1801 367 1856 sic
390 1804 586 1871 transponam:
605 1803 636 1857 di
654 1806 812 1871 potestatem
831 1818 889 1855 eam
907 1803 1021 1855 dabant.
1058 1799 1099 1854 Ac
1117 1800 1236 1855 fortasse

92 1890 271 1946 substantiva
292 1890 344 1945 illa
366 1891 395 1945 in
418 1897 489 1946 estas
511 1890 643 1946 exeuntia
667 1890 761 1946 omnia
779 1906 793 1944 e
810 1890 937 1946 vocalem
960 1890 1120 1946 habuerunt
1136 1891 1239 1945 natura

93 1983 222 2052 longam,
245 1980 275 2035 id
298 1980 374 2049 quod
392 1980 421 2034 in
440 1986 542 2051 epestas
559 1997 662 2035 nomen
683 1981 783 2035 cadere
802 1979 870 2035 satis
888 1981 1058 2053 persuadent
1076 1996 1157 2051 encre,
1180 1995 1236 2048 epe-

91 2087 145 2125 aas
163 2068 305 2141 formae.']

160 2159 202 2230 ⁴¹⁸)
222 2159 266 2231 [In
284 2158 327 2214 ed.
348 2158 396 2213 alt
417 2159 595 2213 circumdant
613 2176 712 2213 nauem
731 2158 902 2215 Ritschelius
921 2159 1034 2229 scripsit
1052 2177 1103 2229 pro
1122 2160 1237 2214 circum·

92 2251 204 2306 nabunt
221 2266 320 2304 numm
339 2251 448 2315 (nauca
467 2249 680 2304 circumstabant
697 2248 727 2303 in
745 2249 924 2321 procederat]

143 2338 201 2408 m)
219 2338 445 2408 Monosyllabum
460 2338 558 2393 boues
571 2340 697 2408 praestat
710 2337 812 2395 Pseud.
827 2339 875 2409 ΙΙΙ,
889 2346 915 2406 2,
929 2345 978 2394 23:
993 2337 1111 2399 -item
1125 2337 1187 2392 Aul.
1204 2337 1239 2406 ΙΙ,

89 2436 117 2498 2,
137 2434 181 2496 57,
199 2426 249 2498 qui
267 2428 307 2483 sic
326 2426 487 2482 scribendus
506 2431 550 2482 est
567 2445 624 2482 una
641 2444 705 2483 eum
723 2429 863 2498 proximo:

199 2509 280 2590 :irini
297 2535 438 2590 mordicus
455 2552 500 2590 me
519 2535 657 2606 scindant,
675 2526 763 2592 bbues
781 2536 924 2591 incursent
942 2536 1086 2593 carnibus:

196 2625 257 2681 Hac
275 2626 437 2695 magnumst
453 2626 588 2696 periclum
608 2626 644 2680 ab
663 2625 749 2680 asinis
768 2642 812 2680 me
831 2625 868 2680 ad
881 2626 968 2681 boues
981 2623 1192 2681 transcandere:
1204 2654 1238 2664 -

87 2717 161 2772 item
180 2715 282 2770 Persae
301 2714 336 2783 Il,
356 2720 381 2783 3,
401 2720 443 2781 10,
462 2714 573 2770 adiecta
591 2715 704 2770 demum
723 2715 833 2785 syllaba
850 2715 973 2785 integer:

197 2830 271 2886 Nam
294 2847 347 2901 ego
366 2831 420 2886 hoc
439 2832 586 2901 argentum
605 2831 674 2885 alibi
693 2830 806 2887 abutar:
830 2821 916 2888 bbues
940 2847 1010 2900 qnos
1033 2845 1163 2896 emerem,
1182 2830 1239 2882 nan

947 2921 1027 2975 erant

92 3011 154 3082 (vel
173 3010 248 3065 Ncim
266 3011 315 3064 hoc
334 3013 476 3079 arpentum
494 3026 541 3079 eqo
561 3009 648 3080 [Num
670 3010 721 3064 hoc
739 3014 881 3079 arpentum
899 3011 956 3064 iam
974 3009 1004 3063 in
1023 3008 1184 3078 editione]):
1204 3038 1238 3047 -

93 3100 214 3169 deniqne
234 3099 358 3155 eiusdem
377 3115 495 3154 scaenae
513 3117 539 3153 v.
560 3103 584 3167 7,
603 3115 688 3168 quem
706 3098 746 3154 sic
765 3099 1007 3153 reconcinnamns:

200 3189 272 3244 Nam
292 3190 355 3243 arus
373 3204 452 3242 maus
471 3173 610 3243 Eretriam
629 3205 674 3244 me
693 3188 778 3257 misit,
798 3187 920 3243 damitos
938 3188 1025 3243 boues
1044 3191 1076 3242 ut
1094 3185 1147 3240 sibi
1166 3201 1238 3239 mer-

947 3293 1025 3332 caret

25 3454 27 3457 ι
91 3387 149 3455 (vel
166 3386 242 3440 Ncim
260 3401 322 3440 aas
340 3385 505 3455 Eretriam:
529 3385 641 3455 qnando
660 3356 802 3439 Eretriam
819 3383 1005 3454 pronuntiari,
1018 3399 1074 3438 non
1088 3383 1238 3449 Ecdicium,

91 3478 122 3532 et
139 3474 212 3530 ratio
231 3478 260 3529 et
277 3474 448 3531 consuetudo
467 3473 555 3544 iubet,
573 3476 605 3529 nt
622 3474 728 3529 factum
746 3475 791 3529 est
809 3474 843 3542 ΙΙ,
862 3477 888 3543 a,
907 3479 955 3529 22:

200 3564 281 3619 Nunc
299 3564 339 3618 mi
356 3549 467 3619 Eretria
485 3563 539 3620 erit
557 3565 627 3620 haec
645 3565 697 3618 tria
715 3562 821 3618 domus.
841 3562 932 3617 Nimis
951 3564 983 3617 ta
1002 3562 1092 3618 facete
1110 3562 1239 3631 laquere:

94 3655 181 3723 atque
209 3653 296 3710 etiam
324 3653 408 3708 Mero.
427 3653 520 3722 ΙΙΙ,,4,
540 3660 582 3721 61,
609 3653 664 3708 nisi
689 3652 765 3722 quod
792 3652 911 3708 vitiosus
939 3653 979 3709 ibi
1002 3652 1096 3707 hiatus
1121 3652 1240 3720 Meyara

92 3743 236 3798 Eretriam
254 3743 304 3797 aut
320 3741 499 3811 transpositis
517 3741 675 3797 nominibus
693 3742 835 3797 tollendus
854 3744 910 3797 est:

200 3832 316 3902 Megara
334 3831 481 3901 Sicyonem
501 3830 667 3887 Corinthum
686 3830 848 3888 Chalcidem
867 3831 979 3887 Cretam
998 3831 1120 3901 Cyprum

200 3906 338 3976 Eretriam
357 3921 477 3976 Cnidum
496 3921 671 3990 Zacynthum
688 3921 846 3977 hasbumns
865 3939 902 3976 an
921 3921 1068 3977 Boeatium

93 4015 162 4080 (non
180 4011 293 4066 ridetur
311 4011 385 4066 enim
400 4011 527 4066 Lesbiam
545 4010 591 4065 vel
605 4011 733 4066 maiam
747 4029 785 4066 un
803 4010 916 4066 defendi
933 4012 1036 4080 posse),
1054 4012 1105 4065 ant
1121 4008 1240 4065 fortasse

92 4099 199 4158 rariore
222 4100 312 4155 forma
334 4116 349 4155 e
372 4100 507 4155 librorum
531 4098 658 4170 vestigiis
677 4100 790 4172 Mepure
812 4101 961 4169 sencinum,
979 4115 1085 4168 menore
1103 4099 1241 4166 serratam

93 4191 175 4245 eruta
192 4189 222 4244 in
240 4190 314 4246 hunc
332 4189 458 4245 modum:
1226 4209 1228 4212 ·

202 4278 327 4350 Magarea
345 4278 484 4334 Eretriam
503 4276 668 4334 Corinthum
686 4277 736 4334 Ch.
756 4277 798 4334 Cr.
819 4277 849 4334 C.
951 4263 957 4281 ⁸

203 4366 350 4438 Sicyonem
368 4385 389 4424 e.
408 4385 433 4438 q.
451 4384 484 4436 a,
600 4380 606 4390 ·

94 4456 141 4513 cui
168 4456 275 4513 formae
305 4473 362 4512 non
389 4457 531 4514 mediocre
562 4456 734 4528 praesidium
761 4457 892 4513 Plautino
926 4457 1052 4512 ablativo
1078 4457 1243 4527 Mepurihus
