2910 5010
250 339 314 401 716
476 353 710 399 nrrnrurscua
733 339 955 416 nascantur,
978 352 1188 415 iurasses,

433 497 606 574 Tantumst
649 497 756 573 ualde,
778 495 849 559 bore
871 516 934 558 rem
953 496 1051 576 quite
1072 499 1106 558 et
1129 495 1252 558 vincite

437 604 556 669 Virtute
576 626 661 683 uera,
683 605 765 686 qaod
783 603 898 683 feristis
918 601 1077 666 ammae„

419 907 426 918 ι

384 925 419 1005 d)
446 924 500 988 Im
525 924 766 991 Prooemium
794 925 858 990 des
881 923 1151 988 Summersem
1182 925 1273 988 1842

485 1048 538 1132 (de
561 1054 657 1132 porta
679 1048 780 1113 Metia
804 1072 834 1133 q.
857 1048 879 1112 f.
901 1048 991 1112 urbis
1015 1045 1168 1132 Romae).

339 1189 433 1254 Novo
457 1190 603 1274 exemplo
627 1213 684 1256 nec
708 1191 842 1276 cognitu
870 1196 908 1255 ut
929 1190 1130 1254 arbitramur
1154 1190 1336 1255 iniucundo
1357 1192 1396 1254 in·

251 1296 435 1379 tellexistis,
463 1298 548 1362 cives
572 1298 746 1381 carissimi,
773 1298 933 1382 quamsit
955 1319 1023 1362 non
1046 1296 1147 1360 modo
1173 1297 1212 1360 in
1234 1296 1395 1362 hominum

170 1415 173 1419 ’
252 1402 320 1465 vita
343 1405 514 1487 communi,
538 1404 594 1468 sed
617 1406 651 1469 in
670 1405 788 1470 litteris
808 1425 935 1489 quoque
955 1408 988 1466 et
1006 1403 1236 1488 periculosum
1256 1410 1290 1468 et
1309 1428 1396 1489 saepe

252 1509 469 1592 perniciosum
493 1510 710 1595 exaedificare,
733 1533 814 1595 quae
839 1531 903 1574 non
927 1510 995 1574 sint
1016 1509 1133 1574 solidis
1159 1516 1196 1575 et
1217 1513 1309 1576 omni
1328 1534 1395 1576 cura

251 1615 450 1681 confirmatis
487 1616 707 1682 fundamentis
750 1621 980 1701 superstructa.
1038 1614 1113 1679 Hoc
1150 1616 1260 1701 igitur
1297 1623 1395 1682 curate

253 1728 380 1804 praeter
403 1727 518 1806 cetera,
541 1724 596 1808 qui
620 1723 775 1788 inservire
799 1722 972 1806 aliquando
997 1721 1064 1786 sive
1085 1721 1176 1785 vitae
1197 1724 1316 1788 usibus
1339 1725 1395 1788 sire

253 1828 346 1891 bonis
375 1829 496 1894 litteris
525 1831 657 1914 cupitis,
689 1836 725 1895 ut
752 1830 847 1894 firma
874 1850 958 1893 nunc
986 1826 1205 1894 fundamenta
1238 1830 1394 1895 doctrinae

253 1935 389 2002 iacietis.
443 1935 543 2002 Cuius
576 1937 704 2002 consilii
736 1936 880 2001 effectrix
910 1938 1020 1999 vestra
1051 1935 1206 2018 ipsorum
1241 1940 1394 2002 contentio

252 2043 324 2126 erit,
347 2043 489 2107 adiutrix
513 2050 621 2108 autem
645 2065 755 2108 earum
778 2043 961 2108 scholarum
986 2041 1089 2124 copia,
1115 2045 1257 2125 quasin
1278 2067 1393 2130 quoquc

254 2169 373 2233 genere
397 2150 481 2214 infra
504 2150 689 2235 propositas
712 2149 850 2213 habetis.
896 2148 1019 2225 Quibus
1043 2148 1091 2211 ita
1115 2147 1263 2233 utimini,
1287 2155 1323 2215 ut
1344 2174 1393 2233 par

251 2254 325 2318 inde
349 2256 389 2320 ad
412 2279 472 2321 uos
496 2258 649 2340 voluptas
673 2262 770 2341 atque
793 2255 834 2320 ad
858 2277 915 2320 vos
934 2254 1060 2319 utilitas
1080 2253 1257 2321 redundet.
1281 2256 1392 2322 Valele.

745 2455 902 2462 ἢ

395 2573 425 2661 e)
450 2576 503 2640 lm
527 2577 768 2643 Prooemium
792 2576 857 2639 des
882 2574 1147 2640 Summersem.
1177 2577 1264 2642 1843

541 2700 593 2784 (de
618 2706 709 2764 actae
734 2698 916 2764 Trinummi
939 2698 1111 2785 tempore).

343 2842 405 2907 Sed
427 2845 504 2908 sotis
526 2843 769 2907 historiuramst:
801 2847 905 2907 restat
933 2842 1019 2906 enim
1042 2849 1080 2906 ut
1104 2843 1217 2927 vobis,
1246 2841 1387 2908 carissimi

253 2950 505 3032 commilitones,
534 2953 724 3033 vestraeque
748 2949 926 3013 industriae
950 2971 1060 3013 earum
1085 2949 1279 3016 scholarum
1303 2949 1386 3015 varie

252 3061 354 3121 tatem
377 3056 647 3139 commendemus,
671 3079 750 3140 quas
774 3055 862 3120 iufra
885 3059 917 3119 et
940 3055 1075 3139 largiter
1099 3058 1291 3140 propositas
1315 3054 1385 3119 vide·

252 3165 296 3228 tis
325 3168 358 3227 et
386 3185 543 3227 uovorum
572 3163 739 3227 nominum
768 3162 1023 3227 clarissimorum
1052 3163 1243 3229 accessione
1274 3159 1384 3228 liberali

252 3270 361 3335 Rarus
397 3269 650 3334 Avnvsrlsslrn
684 3268 838 3333 beneficio
876 3266 1050 3352 insigniter
1081 3267 1329 3336 condecoratas:
1359 3268 1383 3330 iu

253 3378 362 3461 eisque
387 3394 464 3441 rrvs
488 3373 662 3460 nomine*)
686 3375 755 3458 qui,
780 3374 940 3438 masculae
964 3373 1094 3439 virtutis
1121 3374 1322 3441 luculentum
1344 3397 1382 3438 er·

252 3482 409 3567 emplum,
436 3506 501 3548 non
524 3483 600 3547 huic
624 3487 751 3546 tantum
776 3482 981 3546 universitati
1004 3487 1203 3568 nostraeque
1229 3485 1314 3566 urbi,
1338 3479 1381 3547 sed

252 3590 419 3655 universae
444 3588 634 3653 Germaniae
658 3586 816 3672 singulari
840 3586 947 3652 decori
971 3591 1142 3672 astatque
1168 3590 1336 3674 voluptati.

381 3909 411 3992 f)
436 3908 488 3973 lm
512 3908 755 3975 Prooemium
779 3908 843 3972 des
868 3906 1115 3972 Wintersem.
1143 3909 1270 3989 1843s4

302 4033 521 4118 (quaestiones
545 4032 824 4116 onomatologicae
848 4028 1019 4117 comicae);
1044 4031 1345 4116 Anfangsworta

342 4174 419 4240 Sero
444 4176 599 4260 accipitis,
622 4179 659 4239 ut
682 4175 870 4258 consuestis,
895 4173 1078 4239 scholarum
1101 4173 1226 4238 indices
1249 4173 1377 4259 proximo

255 4283 403 4346 semestri
427 4282 533 4363 spatio
557 4281 787 4366 habendarum,
811 4304 892 4365 quas
916 4281 1091 4366 plurimum
1111 4284 1222 4345 vestra
1240 4281 1377 4344 interesse

256 4410 257 4413 Ὺ
338 4456 426 4525 ·>[r.
447 4410 475 4510 o.
497 4456 677 4528 ontimana]
