2910 5010
329 346 625 395 unsruns‘rronss
649 349 721 396 uun
744 336 955 397 ilunmcnas.
1152 334 1217 397 699

74 491 165 575 sime,
184 494 217 554 et
235 490 417 575 plenissimi
436 494 469 554 et
488 491 692 556 saluberrimi
711 492 940 577 redundarunt,
958 493 1001 576 id,
1025 494 1086 558 etsi
1105 496 1219 558 nostra

74 597 149 662 Tibi
174 596 325 662 voluntas
349 619 526 681 numquam
554 597 669 683 defuit,
699 602 807 664 tamen
836 600 932 685 longe
961 600 1156 686 gravissima
1180 622 1218 664 ex

9 743 14 754 κ
73 709 166 790 parte
190 704 260 770 Tua
282 704 387 788 ipsius
410 704 530 769 virtute
554 705 701 771 effectum
725 727 795 771 esse
819 707 915 772 scito:
944 707 1066 791 quain
1089 707 1217 772 litteras

73 812 202 897 quidem
230 811 278 875 ita
309 811 500 896 incubuisti,
530 816 568 876 ut
594 812 628 875 in
658 811 720 877 hoc
751 835 877 898 quoque
911 834 1028 899 genere
1059 815 1218 879 maiorum

75 919 214 1004 gloriam
229 919 425 984 aemulatore
447 919 631 984 constantia
649 921 867 1004 temperantia
884 921 1128 1004 perseverantia
1146 944 1219 1006 par·

32 1058 34 1060 ·
72 1031 150 1109 tam,
173 1026 248 1091 huic
272 1029 380 1091 autem
405 1030 554 1091 strenuae
578 1027 781 1091 contentioni
805 1026 907 1092 animi
926 1018 1108 1112 candorem,
1132 1028 1217 1093 vitae

72 1135 290 1199 innocentiam
314 1155 503 1218 morumque
527 1134 722 1198 suavitatem
751 1137 878 1199 tantam
907 1135 1055 1219 sociasti,
1083 1140 1120 1200 ut
1147 1138 1219 1220 pari
1257 1166 1259 1170 ·

73 1263 144 1305 cum
168 1239 432 1324 praeceptoribus
456 1243 525 1305 tum
549 1239 827 1306 commilitonibus
850 1240 1015 1324 voluptati
1038 1244 1136 1326 atqua
1154 1242 1220 1307 toti

72 1347 276 1413 universitati
300 1351 492 1412 ornamento
516 1369 612 1412 esses.
649 1347 762 1433 anue
785 1348 904 1414 indolis
928 1351 1129 1432 praestantia
1147 1374 1219 1416 cum

72 1455 158 1520 ultra
188 1454 409 1520 universitatis
443 1454 524 1520 fines
557 1476 798 1539 quoquoversus
827 1459 942 1539 patens
972 1436 1122 1539 eniteret,
1153 1478 1221 1522 non

71 1562 209 1646 potuisti
239 1584 305 1627 non
333 1561 477 1627 omnium
501 1559 576 1625 Tibi
599 1561 829 1626 Rhenanorum
860 1560 986 1626 animos
1011 1561 1090 1626 adeo
1115 1563 1221 1628 devin-

71 1669 151 1752 cire,
188 1672 225 1733 ut
257 1668 312 1733 diu
345 1668 496 1733 obtinens
528 1668 615 1732 inter
647 1667 923 1753 Augustissimam
955 1669 1087 1734 domurn
1120 1670 1223 1736 Tuam

71 1781 255 1861 terramque
285 1773 479 1840 Rhenanam
514 1775 762 1840 necessitudinis
790 1774 952 1840 vinculum
985 1776 1084 1840 etiam
1119 1777 1221 1841 artius

71 1883 252 1968 constringi
276 1883 451 1966 videretur,
479 1882 726 1966 laetissimaque
750 1882 822 1946 Tua
844 1881 929 1946 inter
951 1903 1011 1946 nos
1034 1883 1221 1966 praesentia

27 2046 37 2060 .
71 2011 130 2074 pro
153 2012 238 2055 novo
262 1991 399 2077 pignore
423 1994 555 2055 mutuae
579 1988 727 2054 caritatis
746 1988 921 2054 haberetur
944 1992 977 2052 et
1000 1990 1217 2055 consortionis

70 2119 129 2181 per
147 2096 267 2176 futura,
286 2120 368 2182 quae
387 2097 533 2162 divinum
551 2118 671 2161 numen
692 2093 892 2179 averruncet,
911 2095 1098 2161 discrimina
1112 2119 1219 2162 rerum

72 2203 258 2269 felicissime
281 2205 464 2269 duraturae.

160 2302 274 2395 Itaque
297 2333 361 2376 non
384 2314 498 2376 nostro
522 2314 659 2391 tantum,
683 2309 739 2375 sed
762 2315 931 2396 tamquam
955 2312 1125 2377 universae
1148 2334 1222 2396 pro·

70 2417 197 2483 vinciae
224 2419 356 2483 nomine
379 2417 444 2482 iam
467 2438 637 2501 precamur
665 2440 704 2482 ex
733 2418 833 2482 animi
862 2417 1038 2502 sententia,
1066 2420 1114 2483 nti
1137 2419 1222 2505 Tibi,

42 2594 48 2604 ,
70 2524 260 2591 Celsissime
283 2526 448 2610 Princeps,
470 2526 558 2590 bona
577 2525 684 2590 fausta
702 2526 871 2592 fortunata
889 2529 1005 2591 cuncta
1019 2526 1108 2591 Deus
1124 2526 1215 2610 Opti·
1303 2526 1305 2530 ’

72 2655 144 2696 mus
163 2631 324 2697 Maximus
348 2633 419 2698 duit
442 2632 580 2717 dataque
603 2637 781 2717 perpetuet,
805 2633 999 2716 beatumque
1018 2632 1073 2715 Te,
1096 2633 1129 2696 in
1154 2655 1218 2718 quo

71 2760 146 2822 spes
171 2743 204 2804 et
227 2740 315 2804 salus
338 2739 449 2804 futura
471 2740 598 2823 patriae
626 2740 770 2823 reposita
793 2743 857 2822 est,
884 2762 942 2824 per
970 2761 1128 2804 annorum
1153 2739 1221 2803 diu-

71 2847 263 2911 turnitatem
295 2847 457 2930 propitius
491 2846 629 2931 sospitet
661 2846 924 2931 superstitetque.
978 2845 1085 2912 Macte
1118 2846 1220 2932 igitur

70 2953 191 3017 virtute
220 2953 303 3037 Tua,
332 2957 364 3018 et
393 2954 420 3018 si
444 2953 494 3019 fas
518 2957 568 3019 est
590 2956 711 3037 petere,
742 2957 890 3018 nostrum
913 2952 1072 3037 huiusque
1096 2954 1221 3018 univer·

71 3059 182 3125 sitatis
206 3081 426 3146 annorumque
450 3063 484 3124 et
502 3060 639 3125 dulciter
662 3063 696 3123 et
718 3063 755 3123 ut
773 3081 940 3143 speramus
960 3058 1147 3124 salutariter
1165 3058 1219 3124 bic

70 3170 312 3232 transactorum
335 3170 403 3231 tarn
427 3168 618 3232 benevolam
637 3166 896 3232 recordationem
916 3167 1032 3249 recole,
1055 3190 1151 3251 quarn
1170 3166 1223 3230 de-

74 3278 154 3339 vota
176 3273 251 3338 Tibi
275 3273 417 3358 Tuisque
440 3275 616 3339 virtutibus
641 3275 747 3358 pietas
771 3278 884 3340 nostra
907 3274 1105 3358 perennabit.
1129 3273 1221 3338 Vale.

163 3378 391 3446 Scribebamus
415 3381 549 3447 Bonnae
572 3380 683 3446 Idibus
707 3380 836 3446 Martiis
860 3405 888 3446 a.
912 3398 1130 3449 crorocccun.

541 3597 755 3606 *—

628 3738 659 3803 4.

71 3877 276 3962 Ansohlag
305 3877 371 3942 der
393 3877 599 3963 Leipziger
622 3877 873 3943 Universit'a't
901 3878 962 3942 bei
990 3876 1055 3941 der
1078 3875 1222 3942 Ucber·

136 3985 271 4050 nahme
295 3985 359 4051 des
383 3983 593 4051 Rectorats
617 3984 739 4050 durch
762 3985 835 4050 den
857 3983 987 4068 Ktinig
1013 3984 1158 4049 Albert.

163 4126 283 4193 Rector
306 4133 339 4193 et
362 4127 498 4193 Senatus
518 4126 749 4192 Vniversitatis
773 4126 951 4210 Lipsiensis
970 4126 980 4210 ΙΙ
1000 4124 1132 4191 Civibus
1153 4146 1222 4190 aca-

71 4235 205 4301 demicis
224 4237 235 4319 ΙΙ
253 4240 285 4300 st
314 4236 507 4321 quicumque
536 4257 609 4300 cum
637 4235 672 4300 in
700 4235 761 4300 hac
784 4235 863 4299 urbe
887 4237 958 4299 tum
982 4232 1067 4318 apud
1092 4236 1222 4297 exteros

71 4342 172 4406 rebus
194 4342 315 4406 nostris
338 4342 419 4406 bene
444 4340 557 4406 volunt
573 4342 584 4423 ΙΙ
602 4340 756 4406 Salutem.

163 4447 348 4530 Postquam
382 4447 639 4512 anniversarium
672 4447 814 4513 officium
847 4445 942 4510 rediit
969 4445 1045 4511 novi
1074 4443 1221 4509 Rectoris
