2986 5010
246 329 313 393 412
535 346 794 394 rucanoouaun
817 347 863 393 nn
888 346 1096 396 nerrourssvs

247 494 341 574 repta
368 494 476 555 autem
505 494 538 555 et
564 491 722 575 producta
748 492 821 556 cito
849 492 901 556 ibi
928 491 992 555 abi
1019 489 1098 577 (non
1121 488 1184 577 ati)
1207 491 1303 555 ruiti
1327 492 1397 556 tibi

247 596 320 661 sibi
342 599 375 660 et
398 617 458 680 eqo
481 600 689 680 usurpentur:
714 597 869 683 quoniam
888 601 1006 662 natura
1023 596 1138 662 breves
1157 598 1306 682 syllabas
1326 599 1397 663 fieri

142 740 147 745 ·
247 704 363 788 longas
396 703 481 768 credi
514 704 640 769 ratione
673 693 865 769 destitutum
898 708 961 770 cett
998 704 1207 788 consequitur
1241 705 1398 789 ancipitis

247 832 416 876 mensurae
439 811 528 877 illius
551 810 636 877 hanc
659 812 725 876 vim
750 834 829 897 esse,
852 816 890 876 ut
913 811 1040 897 origine
1064 833 1123 877 sua
1145 811 1247 897 longa
1270 813 1398 878 uocalis

247 919 418 1003 paullatim
447 922 670 984 attenuaretur
696 919 950 1004 pronuntiando,
983 941 1115 1004 prorsus
1143 923 1179 983 ut
1206 918 1335 984 factum
1363 921 1399 984 in

246 1027 316 1091 uolo
338 1047 395 1109 opo
418 1026 495 1091 dabo
518 1028 599 1092 dedi:
623 1049 687 1112 quo
711 1026 843 1111 accedit,
867 1026 952 1111 quod
976 1047 1042 1091 non
1064 1029 1191 1090 tantum
1215 1027 1249 1090 in
1274 1027 1398 1092 dativis

248 1136 280 1196 et
303 1133 455 1197 ablativis
482 1131 646 1217 veterique
675 1132 816 1198 locativo
844 1134 858 1197 i
880 1133 977 1197 finale
1001 1154 1071 1197 esse
1094 1133 1230 1218 longum
1254 1138 1399 1218 constat,

249 1262 268 1303 a
291 1239 418 1304 casibus
443 1242 551 1304 autem
576 1239 690 1304 ductae
709 1240 760 1303 vel
784 1238 824 1305 ad
848 1261 980 1306 casuum
1004 1239 1252 1305 similitudinem
1277 1240 1400 1306 forma-

247 1350 300 1411 tae
324 1350 401 1411 sunt
423 1347 466 1411 ibi
490 1349 522 1409 et
543 1346 597 1410 ubi
619 1346 810 1431 particulae,
834 1347 890 1411 aed
913 1347 1013 1414 etiam
1036 1358 1087 1430 eqo
1109 1347 1199 1431 prius
1224 1369 1326 1432 quam
1350 1350 1402 1432 eqd

247 1452 348 1518 fuisse
373 1457 405 1517 et
428 1474 563 1538 graecae
586 1453 718 1538 linguae
741 1455 942 1538 comparatio
966 1454 1139 1540 persuadet
1156 1458 1189 1518 et
1208 1476 1294 1539 quae
1314 1457 1402 1521 inter

247 1580 299 1643 eqo
330 1560 533 1645 primamque
564 1583 737 1644 personam
771 1561 861 1626 verbi
894 1564 1045 1648 cognatio
1078 1561 1259 1627 intercedit
1287 1562 1401 1640 'Quae

248 1670 356 1731 autem
380 1667 413 1732 in
437 1669 449 1731 i
472 1672 598 1752 exeunt,
622 1667 660 1732 de
679 1667 726 1731 eis
745 1668 982 1734 dubitationem
1002 1691 1133 1734 omnem
1151 1668 1224 1753 ipsa
1244 1672 1400 1736 vetustis·

248 1775 331 1838 sima
358 1777 568 1840 monumenta
595 1775 756 1858 eximunt,
788 1775 820 1839 in
845 1775 961 1859 quibus
984 1793 1067 1840 vum
1090 1793 1161 1839 lam
1186 1792 1280 1841 susm
1303 1796 1399 1845 misni

248 1885 433 1946 constanter
461 1882 618 1966 scriptum
646 1885 682 1945 ut
713 1899 766 1947 sm
790 1886 823 1946 et
845 1900 927 1947 vrm
950 1886 983 1947 et
1006 1901 1096 1962 Qvni.
1141 1883 1188 1948 At
1211 1906 1291 1950 vero
1317 1908 1400 1970 quae

248 1989 339 2053 valde
363 1989 503 2053 confinia
527 1994 604 2055 sunt
627 1989 768 2072 ratione,
797 2010 835 2054 ea
862 1992 974 2055 tamen
998 2012 1074 2055 usus
1097 2012 1164 2055 non
1188 1991 1400 2059 mediocriter

248 2118 318 2161 esse
346 2096 487 2162 discreta
517 2096 629 2161 voluit.
675 2095 760 2161 Nam
789 2118 857 2162 non
880 2100 1008 2162 tantum
1030 2119 1106 2162 rara
1129 2096 1215 2180 apud
1239 2098 1398 2166 Plautum

247 2204 282 2268 in
306 2204 370 2268 illis
395 2203 529 2288 voculis,
553 2205 581 2269 si
605 2206 720 2269 acilo
744 2204 934 2289 recesseris,
957 2204 1107 2270 omnibus
1132 2203 1271 2270 ultimae
1296 2208 1395 2292 sylla·

248 2311 309 2375 bae
337 2309 506 2394 productio
535 2315 598 2394 est,
631 2310 687 2376 sed
714 2310 749 2375 in
777 2311 912 2395 senariis
937 2311 1207 2397 septenariisque,
1238 2313 1396 2399 quidquid

248 2417 380 2501 quidam
410 2417 642 2502 obloquuntur,
673 2439 850 2502 numquam
879 2417 1031 2502 probata,
1062 2417 1126 2482 nisi
1150 2418 1206 2484 ubi
1231 2443 1338 2505 pausa
1359 2424 1404 2488 fit

247 2524 336 2589 vocis
366 2524 417 2588 vel
449 2524 621 2606 orationis,
652 2546 716 2608 qua
746 2525 872 2589 ratione
903 2529 1033 2608 praeter
1062 2527 1170 2588 cetera
1199 2526 1395 2609 productum

247 2633 348 2697 rasorio
376 2631 615 2715 frequentatur:
652 2635 765 2696 contra
795 2631 864 2696 sine
892 2632 959 2695 ulla
987 2631 1161 2697 offensione
1191 2634 1339 2700 admissa
1360 2637 1395 2701 in

149 2761 232 2800 cnxx
248 2741 352 2806 altera
375 2740 441 2805 arsi
465 2739 666 2824 ereticorum,
688 2744 726 2804 ut
749 2741 804 2824 qui
827 2762 980 2805 numerus
1003 2744 1171 2826 tamquam
1195 2742 1395 2809 catalecticis

247 2847 415 2912 ordinibus
449 2847 649 2931 compositus
682 2848 888 2933 singulorum
925 2846 1043 2931 pedum
1080 2847 1236 2932 quasdam
1276 2872 1394 2933 pausas

246 2955 373 3019 habeat.
419 2953 496 3019 Non
523 2958 610 3018 recte
638 2954 740 3039 igitur
768 2975 819 3017 me
847 2953 952 3019 iudice
981 2952 1098 3019 Bacch.
1121 2977 1150 3018 v.
1174 2955 1216 3020 28
1241 2956 1393 3021 relietum

247 3066 297 3126 est
318 3063 390 3127 taric
409 3060 543 3143 neruique
560 3060 646 3126 lraud
660 3062 762 3142 societ,
787 3082 924 3144 quorum
944 3065 1022 3145 tam,
1046 3084 1144 3146 quam
1164 3061 1284 3147 facilis,
1307 3069 1394 3128 certa

247 3169 429 3233 emendatio
452 3169 539 3232 basiae
560 3167 710 3250 miliique:
734 3166 907 3253 eademque
931 3190 1047 3234 caussa
1069 3169 1132 3234 fuit
1155 3191 1213 3233 cur
1229 3190 1292 3235 nec
1306 3169 1393 3236 Tria

141 3364 143 3366 V
246 3276 313 3340 480
335 3276 398 3341 scria
421 3276 478 3340 tibi
498 3274 600 3340 dicam
622 3276 703 3353 dolo,
734 3296 793 3340 nec
820 3297 849 3340 v.
874 3276 936 3340 761
961 3276 1048 3340 Mitt
1068 3278 1191 3358 paridem
1212 3276 1311 3343 tecle
1332 3279 1394 3343 reda

246 3388 289 3448 est
310 3383 483 3448 tolerarem
507 3385 542 3448 in
565 3382 748 3467 senariis.*)
795 3381 901 3458 Quid?
934 3381 1019 3467 quod
1042 3405 1083 3447 ne
1107 3384 1240 3448 brevem
1264 3385 1392 3469 quidem

247 3489 396 3553 ultimam
434 3490 505 3554 acui
541 3490 575 3553 in
613 3489 679 3554 arsi
715 3488 857 3573 positam
890 3487 1042 3553 Plautina
1079 3489 1243 3575 elegantia
1280 3493 1393 3574 voluit,

247 3596 395 3680 quamvis
415 3598 537 3662 usitato
557 3596 678 3680 alioqui
698 3599 848 3660 accentus
867 3616 997 3680 genere:
1017 3600 1213 3680 quapropter
1232 3601 1267 3662 et
1284 3622 1313 3664 v.
1329 3600 1391 3665 316

245 3703 337 3769 illam
352 3727 448 3789 quam
464 3703 713 3789 p.cnv111[403]
725 3702 946 3767 memorabam
960 3702 1209 3768 collocationem
1219 3705 1391 3771 verbomm

246 3811 343 3876 reieci
367 3811 416 3876 Ne
438 3811 660 3895 aspritudinem
684 3810 741 3874 tibi
756 3814 848 3891 puter
868 3809 1009 3890 fdccrern,
1033 3814 1066 3874 et
1086 3833 1113 3875 v.
1132 3810 1217 3874 1124
1241 3834 1301 3896 pro
1322 3812 1395 3877 Huc'

246 3920 349 3982 salita
370 3917 429 3983 sud
449 3918 529 3982 rreilsi
545 3938 667 3982 osorem
690 3939 762 3982 cum
783 3916 909 4002 Guyeto
929 3916 1179 4001 Hermannoque
1196 3918 1257 3983 sud
1273 3921 1391 3986 mordm

247 4023 324 4088 aubi
345 4045 411 4088 non
434 4028 561 4089 tantum
584 4023 708 4089 vitandi
726 4022 838 4088 hiatus
857 4044 972 4089 caussa
991 4023 1115 4107 scripsi,
1138 4029 1171 4089 et
1191 4026 1299 4092 aceo
1319 4029 1390 4092 Am·

354 4288 380 4358 ⁸)
402 4289 445 4360 [ln
465 4289 507 4346 ed.
526 4289 575 4343 alt
595 4288 649 4344 etsi
667 4305 723 4345 non
742 4287 907 4344 sollicitavit
924 4289 986 4356 tior,
1004 4290 1085 4356 mus,
1102 4290 1197 4345 tamen
1216 4308 1243 4345 v.
1264 4297 1318 4347 leo
1337 4310 1390 4346 mu-

247 4374 355 4460 tatione
378 4377 515 4434 faoillima
536 4395 654 4434 menam
677 4379 730 4434 tibi
754 4378 843 4433 multo
866 4377 1008 4436 faciliores
1031 4378 1105 4435 effici
1130 4395 1263 4435 numeros
1287 4381 1393 4437 monuit

248 4463 428 4535 uiuehelius,
448 4468 511 4523 coll.
530 4467 601 4524 Mus.
621 4469 673 4549 er.
692 4468 770 4524 XXV
788 4486 816 4538 p.
835 4473 887 4523 308
907 4469 951 4538 (=
967 4470 1066 4538 Opusc.
1085 4467 1154 4539 phil.
1174 4468 1216 4524 Ill
1235 4470 1359 4544 p.138).]
