2992 5004
209 340 275 405 294
497 353 762 403 raonncounus
786 353 833 401 nn
856 351 1069 401 sarroumvs

208 499 362 585 potuisse.
391 497 514 564 Contra
537 498 710 584 diligenter
733 496 970 581 annotavimus,
993 497 1022 562 si
1045 518 1126 582 quae
1151 497 1184 560 in
1204 518 1357 562 versuum

210 606 415 671 distinctione
435 605 534 671 codex
554 605 735 690 singularia
753 605 903 670 haberet:
926 626 1007 690 quos
1030 604 1087 669 ille
1105 604 1304 689 plerumque,
1330 604 1358 668 si

210 738 230 779 a
252 712 387 779 canticis
410 713 597 796 recesseris,
624 716 710 778 recte
734 712 908 795 discriptos
932 711 1088 796 servarit,
1117 717 1150 776 et
1173 716 1224 795 ut,
1252 711 1358 776 sicubi

208 822 277 887 bini
309 821 344 886 in
375 842 475 885 unum
509 820 670 885 contracti
703 823 792 904 sunt,
825 841 920 903 saepe
953 819 1083 902 pristini
1110 818 1232 885 ordinis
1261 819 1357 885 index

209 927 439 1012 grandiuscula
466 927 578 992 littera
606 927 642 991 in
665 927 772 992 medio
795 948 891 992 versu
914 927 1027 991 relicta
1050 926 1105 991 sit:
1139 928 1178 992 de
1202 950 1265 1013 quo
1289 928 1357 992 dixi

209 1034 375 1121 Parergon
389 1057 419 1118 p.
433 1034 507 1100 439.
531 1034 747 1101 Personarum
766 1034 854 1100 uotis
873 1035 901 1099 is
921 1034 1028 1119 codex,
1051 1056 1151 1119 equo
1165 1035 1218 1100 hic
1232 1034 1358 1120 ductus,
1426 1125 1428 1127 ι

209 1143 245 1208 in
263 1143 335 1227 ipsa
353 1164 539 1207 sermonum
558 1143 772 1208 continuitate
795 1141 920 1228 graecis
938 1142 1057 1206 litteris
1077 1143 1237 1226 utebatur,
1260 1143 1357 1228 plane

211 1254 248 1314 ut
278 1250 313 1314 in
340 1248 500 1314 Bembino
533 1250 616 1315 libro
645 1248 789 1314 Terentii
822 1249 954 1315 factum.
999 1247 1080 1314 Eius
1112 1248 1357 1314 consuetudinis

210 1356 306 1423 modo
335 1356 430 1440 plura
458 1356 555 1423 modo
583 1356 737 1440 pauciora
759 1356 900 1441 vestigia
923 1355 957 1420 B
980 1356 1124 1421 servavit
1146 1355 1180 1420 in
1203 1356 1358 1443 Poenulo,

209 1464 388 1548 Pseudulo,
415 1462 626 1546 Truculento,
654 1464 753 1528 etiam
776 1464 809 1528 in
832 1461 1064 1547 Bacchidibus,
1095 1462 1129 1527 id
1153 1462 1238 1547 quod
1260 1464 1357 1549 tetigi

129 1597 198 1637 xxx
211 1569 316 1636 Musei
352 1570 458 1636 nostri
494 1569 606 1654 philol.
642 1569 736 1636 tIV
768 1592 799 1653 p.
822 1569 888 1635 355
903 1592 950 1654 sq.
985 1572 1041 1651 [=
1065 1568 1182 1654 Opusc.
1213 1569 1291 1653 phil.
1324 1570 1358 1635 ll

209 1701 239 1762 p.
254 1678 406 1762 294sq.]:
431 1677 487 1742 sed
511 1681 700 1743 constanter
723 1678 808 1743 idem
833 1699 904 1742 mos
927 1699 984 1761 per
1006 1678 1113 1762 ipsam
1128 1676 1357 1743 Trinummum

209 1785 362 1870 pertinet.
407 1783 534 1868 In-qua
557 1784 828 1869 quemadmodum
852 1786 877 1850 A
900 1784 1011 1849 littera
1040 1806 1113 1850 cum
1136 1783 1358 1870 Megaronidis

208 1897 278 1957 tum
301 1891 475 1973 Philtonis,
499 1893 656 1957 ΒΕΖΘΚΧ
676 1891 795 1956 litteris
811 1888 967 1972 Calliclis,
990 1890 1154 1975 Lysitelis,
1177 1890 1360 1977 Lesbonici,

209 1998 406 2081 Charmidis,
439 1995 587 2083 Stasimi,
620 1997 847 2082 Sycophantae
880 2019 1037 2082 personae
1069 1998 1278 2085 notantur*),
1310 2000 1359 2066 ita

209 2128 291 2191 quae
320 2107 485 2190 postrema
513 2127 652 2189 persona
682 2106 792 2190 prodit
814 2106 965 2170 Plaudite
991 2105 1146 2190 recitans,
1174 2107 1252 2171 item
1283 2129 1358 2191 pos·

209 2217 314 2278 trama
336 2212 456 2295 littera,
480 2234 562 2297 quae
586 2216 637 2277 est
660 2212 752 2277 §luel
771 2234 809 2298 ur,
832 2234 904 2277 cum
928 2213 964 2278 in
986 2211 1138 2277 Terentio
1162 2217 1361 2298 constanter,

209 2324 280 2384 tum
308 2319 369 2384 hoc
400 2340 465 2382 uno
495 2317 567 2383 loco
595 2319 629 2383 in
654 2318 815 2383 Plautinis
840 2318 933 2383 libris
958 2319 1143 2404 significata
1166 2324 1225 2385 est
1271 2319 1358 2386 Hinc

209 2425 404 2510 perspicitur
428 2425 578 2489 subtilius
603 2447 700 2509 quam
724 2427 830 2490 verius
853 2424 1038 2490 Bentleium
1061 2424 1095 2489 in
1108 2424 1209 2491 Andr.
1224 2425 1263 2511 V,
1274 2427 1304 2510 6,
1317 2428 1356 2492 17

209 2532 300 2597 illam
328 2553 355 2595 ω
383 2535 495 2596 notam
519 2532 694 2596 coniecisse
718 2554 735 2596 e
760 2530 827 2597 ΟΔ.
850 2531 969 2597 litteris
992 2536 1097 2596 ortam
1122 2553 1206 2616 esse,
1239 2532 1358 2617 quibus

210 2637 388 2704 CANTOR
420 2660 537 2703 nomen
570 2638 817 2724 significaretur.
863 2637 986 2703 Verum
1022 2638 1156 2704 eandem
1193 2641 1277 2724 quod
1315 2641 1358 2706 ad

210 2745 351 2811 cantoris
382 2766 556 2829 personam
578 2744 718 2811 Horatio
748 2746 827 2810 duce
851 2746 992 2830 rettulit,
1025 2745 1057 2810 id
1081 2768 1154 2811 eum
1182 2750 1260 2831 puto
1288 2750 1358 2812 tam

210 2857 297 2920 recte
321 2852 451 2938 vidisse,
473 2856 511 2917 ut
533 2876 599 2918 non
623 2854 801 2919 dubitarim
823 2851 1002 2918 CANTOR
1026 2875 1145 2918 nomen
1168 2854 1358 2921 adscribere.

210 2959 272 3026 (lui
295 2960 475 3025 sententiae
498 2961 738 3025 confirmandas
762 2983 827 3026 non
850 2960 1054 3026 incommode
1073 2960 1280 3027 adhibebitur
1302 2985 1359 3028 no

209 3068 323 3134 tabilis
347 3067 505 3132 memoria
524 3069 721 3151 optimorum
740 3068 898 3132 librorum
922 3066 957 3131 in
976 3067 1064 3132 exitu
1078 3066 1196 3132 Persas
1215 3068 1357 3152 fabulae,

212 3175 267 3259 qui
296 3174 350 3238 hic
382 3179 432 3238 est
462 3174 496 3238 in
521 3173 660 3241 BCDE:
692 3176 834 3257 plaudite
858 3177 980 3257 pantio.
1025 3173 1111 3239 Nam
1139 3174 1173 3239 in
1201 3175 1262 3241 hoc
1292 3199 1359 3242 non

210 3281 304 3347 video
332 3281 409 3365 quid
436 3282 539 3347 latere
566 3283 673 3366 possit
695 3282 759 3346 nisi
783 3280 957 3347 CANTIO.
1004 3281 1127 3358 Quodsi
1151 3283 1268 3367 cantio,
1293 3306 1358 3369 qua

210 3389 379 3474 prolusum
408 3410 478 3453 esse
502 3388 630 3454 fabulae
655 3390 775 3454 actioni
799 3389 933 3473 scimus,
967 3389 1100 3454 eandem
1124 3390 1223 3455 etiam
1247 3412 1359 3475 seque·

210 3498 322 3581 batur,
344 3495 425 3560 nihil
449 3495 568 3560 mirum
592 3499 642 3560 est
664 3518 684 3560 a
707 3495 886 3579 prodeunte
909 3501 984 3580 post
1008 3502 1155 3563 actorum
1179 3496 1358 3562 discessum

211 3607 344 3670 cantore
367 3603 466 3667 etiam
489 3602 632 3685 plaudite
661 3602 741 3667 illud
764 3603 815 3668 vel
838 3603 938 3668 rraktc
959 3609 988 3669 ct
1005 3605 1146 3686 plaaditc
1169 3605 1358 3689 pronuntia-

211 3714 281 3775 tum
305 3731 384 3774 esse.
430 3706 496 3774 Sua
519 3714 633 3793 sponte
659 3715 795 3795 apparet
818 3711 980 3796 disparem
1005 3735 1075 3777 esse
1099 3734 1211 3777 earum
1234 3711 1358 3776 fabula·

210 3840 283 3882 rum
314 3816 489 3899 rationem,
521 3838 604 3901 quac
637 3817 857 3901 compluribus
891 3818 1039 3883 versibus
1070 3819 1287 3884 terminantur
1316 3818 1359 3884 ab

211 3925 284 4010 ipso
309 3927 501 4009 argumento
526 3924 650 3990 alienis.
691 3924 731 3988 In
754 3947 817 4010 quo
842 3945 960 4009 genera
985 3929 1141 4010 quattuor
1162 3930 1289 3991 tantum
1312 3926 1359 3991 in·

211 4032 402 4116 scriptiones
425 4030 472 4131 Bv
489 4030 644 4096 servavit:
682 4031 801 4096 GREX
829 4032 863 4097 in
888 4032 1054 4117 Asinaria,
1091 4031 1300 4099 OATERVA
1322 4034 1358 4099 in

211 4136 356 4222 Captivis
380 4140 413 4202 et
436 4136 636 4224 Cistellaria,
658 4137 802 4205 POETA
824 4138 860 4203 in
881 4138 1028 4223 Epidico.

300 4471 326 4543 ')
346 4472 400 4544 [cf.
419 4473 507 4544 praef.
526 4474 593 4530 edit
614 4474 663 4529 alt.
682 4492 710 4545 p.
721 4475 777 4530 LV
788 4477 840 4548 sq.]
