2992 5004
326 336 337 377 s
439 336 698 386 nunnoarrours
718 337 923 386 rasvrmnn.
1196 323 1260 386 307

117 477 256 561 apposui
283 477 344 542 hoc
373 480 524 564 consilio,
553 485 590 546 ut
618 504 656 547 eo
684 504 814 566 possem
843 481 1017 566 aliquando
1046 503 1104 565 pro
1133 483 1205 565 ipso
1229 482 1263 547 D

116 583 152 646 in
175 584 221 647 eis
246 583 366 649 fabulis
391 587 448 670 uti,
471 588 506 651 ln
529 589 646 673 quibus
669 611 735 653 non
754 592 903 674 paratam
921 588 1074 653 haberem
1093 587 1262 654 Vrsiniani

117 689 331 757 collationem.
373 693 435 769 Qui
460 716 557 777 quam
577 696 694 781 exiguo
718 700 774 761 aut
796 695 1031 781 propemodum
1054 695 1144 761 nullo
1164 697 1261 761 inter·

116 797 203 863 vallo
232 799 318 864 Inter
346 822 380 864 se
408 801 544 884 distent,
573 802 743 868 ostendere
766 803 848 867 talia
869 806 1007 887 possunt
1029 802 1139 886 qualia
1161 802 1261 867 habes

117 928 146 969 v.
168 905 234 968 303
252 927 312 989 pro
335 907 431 991 icpeo,
454 908 520 973 398
543 908 599 993 bis,
626 911 689 974 411
714 909 809 993 billis,
832 909 898 975 532
920 907 1017 999 inops
1034 909 1173 993 bererrdo,
1198 910 1261 974 877

115 1011 202 1094 cosae,
224 1014 426 1098 geminatum
451 1039 479 1079 v.
504 1017 566 1081 761
595 1016 686 1102 mibi,
713 1040 742 1081 r.
768 1017 831 1082 748
855 1039 872 1081 e
903 1002 1064 1102 depbpitas
1078 1020 1191 1081 natum
1214 1018 1261 1081 de-

110 1122 246 1221 operest
292 1119 440 1208 Denique
465 1121 505 1187 ad
529 1123 615 1187 idem
638 1144 754 1208 genus,
777 1128 814 1188 ut
836 1106 1081 1203 mittam'alios,
1104 1124 1160 1188 ille
1181 1124 1263 1188 liber

116 1227 314 1312 referendus,
343 1252 437 1314 quem
461 1229 613 1296 Niconal
637 1229 789 1296 N1ccon1
818 1253 915 1296 manu
940 1231 1096 1316 seriptum
1119 1232 1153 1295 in
1176 1230 1261 1295 Mar·

116 1334 210 1398 ciana
240 1356 322 1419 quae
349 1335 534 1402 Florentiae
565 1341 614 1402 est
643 1338 849 1422 bybliotheca
871 1338 1065 1405 Laurentius
1094 1337 1262 1403 Mebusius

116 1441 198 1505 vidit
228 1447 261 1506 et
294 1444 328 1508 in
358 1445 560 1528 praefatione
590 1445 630 1509 ad
661 1445 829 1511 Ambrosii
860 1444 1064 1510 Traversarii
1093 1444 1200 1529 Epist.
1231 1449 1263 1508 et

116 1548 197 1615 orat.
220 1572 251 1633 p.
274 1549 381 1615 XLIII
404 1551 576 1638 dih²genter
604 1552 787 1637 descripsit:
815 1553 955 1619 undeni
978 1552 1076 1618 fallor
1097 1551 1263 1636 profectus

115 1656 294 1742 principem
324 1657 432 1723 Plauti
461 1659 634 1724 edItionem
663 1659 830 1725 Fabricius
858 1659 942 1725 Bibl.
971 1660 1027 1726 lat.
1056 1684 1087 1745 p.
1118 1660 1158 1724 15
1186 1660 1263 1724 Ern.

114 1763 206 1828 nullo
236 1770 426 1849 argumento
456 1766 538 1831 dixit
566 1788 582 1830 e
611 1766 800 1833 Florentino
831 1767 940 1832 codice
968 1789 1153 1852 expressam
1184 1787 1263 1831 esse.

203 1870 345 1938 Transeo
369 1872 409 1937 ad
433 1877 578 1938 correcta
601 1874 807 1959 exemplaria,
832 1897 969 1959 quorum
992 1874 1137 1939 indolem
1161 1877 1194 1938 et
1212 1896 1263 1938 ra-

114 1978 237 2043 tionem
261 1981 448 2045 summatim
471 1980 628 2066 descripsi
646 1981 685 2046 de
706 1982 780 2047 crisi
798 1981 846 2046 Pl.
865 2005 895 2067 p.
913 1982 976 2047 172
987 2005 1055 2066 sqq.
1073 1983 1129 2063 [=
1144 1979 1262 2066 Opusc.

113 2086 193 2170 phil.
221 2085 254 2150 Π
284 2111 315 2172 p.
344 2089 386 2152 23
402 2091 495 2172 sqq.].
547 2088 596 2154 Ac
626 2089 765 2173 primum
797 2089 979 2175 corrigendi
1009 2110 1142 2173 operam
1172 2087 1262 2152 illam

115 2194 280 2259 sciendum
304 2198 355 2260 est
376 2217 442 2260 non
465 2197 604 2262 aliorum
623 2197 656 2260 in
676 2196 750 2262 aliis
769 2196 934 2263 codicibus
954 2196 1053 2261 aliam
1072 2195 1182 2278 fuisse,
1205 2194 1262 2258 sed

115 2301 212 2366 semel
237 2304 278 2367 ab
303 2325 367 2368 uno
386 2303 496 2387 aliquo
516 2304 629 2369 critico
649 2309 832 2389 susceptam
852 2308 885 2369 et
902 2304 1090 2389 perfectam,
1113 2304 1169 2388 qui
1188 2325 1261 2367 con·

115 2409 212 2474 solito
241 2410 299 2474 illa
326 2414 432 2476 aetate
461 2434 550 2476 more
580 2434 617 2477 ac
645 2411 779 2476 consilio
804 2411 926 2497 optime
950 2411 1013 2476 sibi
1037 2411 1201 2477 rideretur
1222 2433 1261 2474 ea

115 2539 149 2581 re
172 2517 212 2581 de
229 2517 347 2583 Plauto
370 2522 404 2583 et
428 2519 522 2585 bonis
546 2519 665 2585 litteris
690 2518 873 2583 meriturus.
910 2517 990 2595 Quis
1010 2518 1108 2584 fuerit
1127 2518 1182 2602 qui
1200 2516 1262 2581 hoc

113 2625 292 2710 praestitit,
324 2625 507 2710 ignoratur:
540 2625 579 2689 de
609 2625 775 2691 ANTONIO
805 2623 1029 2708 PANORMITA,
1062 2623 1170 2688 Plauti
1203 2622 1261 2687 illo

114 2731 365 2817 studiosissimo,
389 2737 486 2819 atque
514 2732 594 2799 adeo
619 2756 809 2799 scaenarum
834 2731 1034 2817 quarundam
1062 2731 1261 2797 noviciarum

114 2841 286 2925 scriptore,
319 2862 416 2925 quam
444 2842 464 2905 l.
493 2863 517 2906 s.
548 2863 571 2905 s.
600 2863 630 2924 p.
660 2842 722 2906 177
752 2843 808 2923 [=
833 2839 890 2920 30]
919 2838 1135 2904 coniecturam
1164 2860 1261 2903 ausus
1276 2863 1368 2904 xarrr

116 2970 197 3032 sum,
220 2970 291 3014 eam
314 2971 355 3014 ne
378 2969 463 3014 nunc
486 2947 615 3033 quidem
639 2947 745 3012 babeo
769 2946 825 3032 qui
848 2946 972 3010 firmius
998 2967 1095 3030 quam
1117 2944 1261 3009 Merulae

114 3056 300 3121 testimonio
324 3057 556 3140 commendem,
585 3054 669 3120 ‘sive
693 3053 869 3125 mandante
893 3052 1031 3118 Nicolao
1056 3052 1175 3128 Quinto
1199 3050 1262 3117 Ro·

53 3145 58 3153 ⁸
114 3185 210 3228 mano
233 3164 386 3246 pontifice
410 3164 477 3228 sive
502 3162 671 3247 Alphonso
695 3182 773 3245 rege
792 3158 948 3245 Apuliae’
972 3158 1204 3224 incredibIIIter
1227 3160 1260 3223 in

113 3269 265 3334 Plautum
289 3271 448 3336 saevitum
473 3292 543 3335 esse
567 3269 739 3354 querentis.
778 3268 886 3353 Atque
907 3266 986 3331 adeo
1010 3267 1114 3352 magis
1134 3267 1260 3344 eoaui-

113 3399 185 3442 mus
209 3378 357 3461 inclinat,
384 3382 421 3443 ut
448 3377 555 3462 ipsum
578 3375 676 3441 fuisse
699 3376 862 3441 Poeelvu
885 3373 1023 3457 credam,
1047 3396 1119 3438 cum
1143 3380 1176 3437 et
1199 3374 1261 3438 Ro·

113 3507 185 3549 mae
213 3486 418 3571 potissimum
447 3488 543 3569 atque
566 3482 764 3566 Florentiae,
790 3504 856 3547 non
880 3480 1020 3566 Neapoli
1044 3485 1260 3546 correctorum

113 3593 286 3658 multitudo
315 3592 535 3675 exemplorum
565 3595 683 3670 exstet,
713 3594 746 3654 et
773 3589 942 3655 consilium
974 3590 1060 3652 certe
1090 3584 1137 3651 rei
1166 3587 1259 3671 perfi-

113 3699 244 3765 ciendae
267 3699 322 3764 ille
345 3700 415 3783 ipse
438 3700 474 3763 in
497 3721 536 3763 ea
558 3702 651 3784 parte
674 3696 887 3782 epistularum
911 3695 1076 3780 professus
1101 3695 1154 3778 sit,
1177 3716 1259 3778 quae

112 3808 202 3872 solae
230 3806 335 3872 adhuc
365 3807 470 3872 lucem
498 3803 693 3889 viderunt.*)
740 3801 793 3868 Sic
822 3803 907 3867 enim
936 3802 1013 3866 libri
1041 3799 1088 3865 IV
1117 3801 1211 3885 epist.
1238 3801 1260 3864 4

114 3914 240 3978 scribit:
264 3913 378 3979 ‘Liber
401 3914 537 3979 catillis
556 3913 673 3978 litteris
693 3911 838 3996 antiquis
858 3909 1029 3993 corruptis,
1054 3909 1165 3993 quales
1184 3913 1260 3974 sunt

113 4018 319 4100 Quintillani,
346 4025 379 4086 et
406 4021 511 4085 multa
539 4021 572 4084 in
601 4019 713 4085 multis
743 4018 868 4082 desunt.
914 4015 988 4081 Non
1012 4016 1129 4081 faciam
1153 4019 1259 4079 trans-

112 4128 219 4211 scribi,
242 4128 321 4194 nisi
345 4130 453 4214 prius
479 4128 570 4193 illas
593 4127 724 4212 legero
749 4127 864 4209 atque
888 4124 1155 4188 emendavero:
1184 4144 1259 4185 nam

112 4235 175 4300 nisi
205 4236 266 4300 viri
293 4236 416 4311 eruditi
447 4257 544 4300 manu
573 4234 769 4315 scribantur,
797 4231 902 4296 inanis
931 4230 994 4294 erit
1016 4227 1128 4294 labor.’
1173 4228 1258 4292 Item

202 4465 230 4534 s,
250 4466 304 4536 [cr
323 4465 411 4536 praef.
432 4465 490 4520 Mil.
509 4466 579 4535 glor.
598 4484 624 4534 p.
646 4462 709 4518 XVI
724 4460 798 4532 ⁸‘ltld

991 4545 1046 4603 20*
