2992 5004
425 341 686 391 mnunarroms
711 342 919 390 rnavmuan.
949 326 953 334 '
1179 325 1244 390 333

100 489 283 554 Trinummi
307 513 336 555 ιι.
359 488 423 554 397
453 487 648 553 Gulielmius
676 488 792 572 suasit,
824 489 933 554 maias
959 487 1059 553 nihilo
1079 488 1158 568 facit
1186 510 1245 572 pro

96 599 213 679 fortias
234 619 266 663 n.
287 598 320 678 f,
344 597 423 662 ferri
445 597 492 661 ita
515 600 645 662 tantum
668 600 790 681 posset,
813 599 850 660 ut
873 595 970 659 simul
994 594 1046 659 ille
1068 616 1248 678 pronomen

98 706 272 788 accederet,
296 725 360 789 quo
384 705 425 769 ad
447 704 550 786 pilium
572 704 605 770 id
630 705 836 769 enuntiatum¹
857 702 1042 767 referretur.
1062 738 1104 748 —
1127 701 1245 767 Paucis

98 814 196 895 caepio
227 812 408 898 praesentis
441 812 597 896 exemplis
629 833 749 877 novum
785 810 923 876 accessit
951 831 979 874 ι.
1007 809 1091 875 1052
1118 812 1245 892 coequos,

99 920 250 985 effectum
279 942 298 983 a
325 918 420 985 nobis
449 941 466 984 e
489 918 683 1003 planissima
705 917 918 983 Ambrosiani
942 917 1061 983 codicis
1084 918 1246 1003 scriptura

99 1025 288 1113 coaP1A8.*)
322 1026 411 1103 Quae
435 1025 507 1110 ipsa
530 1026 612 1090 satis
635 1024 858 1090 memorabilis
882 1031 932 1090 est
954 1030 1137 1109 propterea,
1159 1026 1245 1108 quod

1 1122 3 1128 ’
99 1133 229 1198 fuerunt
257 1134 312 1218 qui
336 1154 432 1199 ecca
455 1134 581 1215 stopie
605 1132 672 1196 sive
695 1153 754 1214 opo
777 1131 959 1197 derivatum
984 1154 1054 1196 esse
1077 1134 1176 1214 coepio
1200 1132 1244 1196 di·

99 1245 218 1306 cerent.
259 1239 353 1317 Quod
376 1241 404 1303 si
427 1238 642 1324 probabiliter
665 1239 885 1323 opinarentur,
908 1240 1065 1304 haberent
1088 1261 1151 1323 quo
1174 1261 1244 1324 per-

98 1345 269 1413 commodo
293 1346 497 1411 firmamento
524 1346 728 1411 coniecturae
752 1368 829 1410 suae
854 1349 1030 1411 uterentur.
1072 1344 1160 1422 Quos
1184 1368 1245 1431 ego

98 1456 189 1540 sequi
211 1476 277 1520 non
301 1477 373 1519 sum
397 1476 511 1537 auena,
540 1458 578 1519 ut
605 1454 660 1537 qui
689 1453 850 1518 rationem
873 1475 939 1518 non
961 1454 1156 1537 perspiciam
1181 1477 1246 1540 qua

98 1583 172 1628 eoo
195 1565 228 1626 et
249 1583 292 1644 op
314 1583 378 1626 non
398 1563 491 1643 cepio,
515 1566 552 1625 ut
569 1561 686 1643 copulo,
711 1559 767 1625 sed
785 1561 885 1642 coepto
905 1557 1086 1647 (tamquam
1104 1559 1244 1648 cooptato)

98 1674 207 1734 ortum
230 1668 344 1736 dicam.
390 1668 480 1732 Idem
503 1669 587 1750 coepti
610 1668 663 1732 vix
687 1690 724 1732 ac
747 1690 788 1732 ne
812 1667 865 1731 vix
889 1667 1017 1752 quidem
1043 1668 1186 1734 adducor
1209 1675 1245 1734 ut

97 1777 203 1842 tribus
228 1799 298 1843 esse
322 1776 456 1861 syllabis
481 1773 636 1842 aPlauto
660 1774 904 1859 pronuntiatum
929 1774 1071 1839 credam:
1096 1777 1243 1860 quamvis

97 1905 167 1949 esse
186 1907 291 1969 pauca
309 1884 466 1969 quaedam
485 1883 632 1967 exempla
651 1883 751 1948 sciam
771 1882 882 1967 aliqua
900 1883 1005 1966 specie
1020 1883 1087 1946 veri
1107 1884 1140 1948 in
1160 1883 1244 1949 hanc

96 1996 224 2075 partem
248 1992 398 2074 valentia,
422 2012 535 2056 verum
558 1989 669 2055 eadem
693 1993 730 2054 ut
753 1993 832 2073 puto
856 1987 1011 2053 fallentia.
1027 2026 1067 2035 -
1084 1988 1146 2055 Sed
1169 2014 1243 2055 vere

97 2098 138 2161 ab
168 2118 210 2180 ap
240 2097 340 2180 stirpe
371 2097 504 2161 ductum
534 2101 644 2179 aptas
678 2119 752 2161 rara
785 2096 852 2159 veri
884 2095 1048 2180 participii
1080 2101 1242 2181 potestate

97 2205 200 2271 vocs
220 2229 239 2270 a
258 2210 355 2290 poeta
373 2206 516 2290 positum
536 2226 607 2268 esse
622 2204 859 2269 Ambrosianus
879 2203 1040 2287 persuasit
1055 2220 1242 2269 ornamus

97 2313 265 2398 praebens,
288 2335 353 2377 una
376 2315 505 2376 tantum
528 2313 615 2377 inter
638 2331 650 2376 1
674 2316 708 2376 ct
731 2330 752 2375 Α
777 2311 886 2375 littera
909 2310 1087 2394 interiecta,
1110 2334 1169 2395 pro
1193 2334 1241 2377 ee·

96 2425 240 2484 tororum
263 2420 420 2484 librorum
444 2418 606 2503 scriptura
624 2420 685 2483 otio
702 2423 823 2501 captus:
846 2440 929 2502 quae
952 2423 989 2482 ut
1008 2417 1242 2502 interpretandi

97 2525 204 2590 studio
232 2525 378 2610 debetur,
411 2525 458 2590 ita
487 2525 527 2590 ad
549 2528 690 2589 metrum
713 2547 779 2590 non
801 2525 909 2610 potuit
932 2525 995 2590 nisi
1018 2525 1148 2591 inverso
1172 2549 1241 2591 ver·

97 2632 212 2696 borum
245 2633 356 2699 ordine
386 2633 631 2698 accommodari.
664 2669 703 2679 -
738 2630 863 2698 Contra
894 2633 996 2698 libros
1028 2635 1150 2714 paridem
1182 2657 1241 2718 pro

95 2741 261 2822 equidem
287 2740 449 2824 particula
471 2762 538 2804 non
560 2738 601 2805 ad
624 2740 763 2824 primam
787 2762 961 2824 personam
984 2740 1089 2804 relata
1112 2742 1241 2824 reposui

96 2869 124 2911 v.
148 2847 223 2912 352.
247 2847 310 2912 611
345 2852 378 2912 et
410 2869 566 2932 reponam
599 2848 633 2912 in
665 2849 780 2912 ceteris
812 2847 931 2913 fabulis
962 2846 1091 2931 ubique.
1137 2847 1240 2923 Quam

96 2953 236 3019 formam
264 2955 410 3038 quamvis
438 2955 505 3019 acri
529 2956 737 3020 contentione
760 2977 834 3019 cum
858 2955 912 3019 alii
936 2958 1006 3019 tum
1030 2977 1132 3038 nuper
1155 2953 1242 3019 Han-

95 3061 168 3125 dius
183 3059 236 3146 **)
266 3060 440 3126 Tursellini
473 3065 497 3125 t.
524 3060 557 3125 ll
590 3085 621 3146 p.
648 3062 714 3127 425
728 3085 798 3148 sqq.
841 3062 987 3126 omnium
1028 3084 1240 3147 personarum
1256 3088 1369 3129 nxxru

96 3190 165 3233 esse
193 3191 396 3233 communem
424 3168 683 3253 pronuntiarint,
715 3173 824 3234 tamen
848 3168 998 3234 Plautino
1027 3169 1156 3255 quidem
1181 3192 1241 3233 usu

95 3276 379 3358 persuasissimum
403 3275 508 3340 habeo
533 3296 606 3339 oum
629 3273 778 3341 Bentlcio
802 3274 850 3362 (in
874 3275 945 3341 Ter.
960 3275 1076 3341 Heaut.
1090 3276 1187 3360 IV,1,
1201 3278 1241 3341 19

96 3385 130 3446 et
153 3381 289 3467 Adelph.
313 3381 353 3466 V,
375 3382 405 3465 3,
424 3379 482 3466 65)
506 3405 526 3445 a
549 3383 748 3467 reliquarum
771 3387 900 3467 praeter
922 3383 1062 3468 primam
1087 3383 1241 3447 societate

95 3510 227 3573 prorsus
255 3489 389 3554 excludi.
434 3489 472 3554 Id
500 3493 538 3553 ut
561 3496 649 3561 recte
672 3513 692 3554 a
713 3514 766 3557 me
790 3493 906 3557 sentiri
929 3491 1162 3574 demonstrem,
1191 3511 1241 3553 ex-

95 3753 162 3807 dnm
186 3753 239 3823 sit,
266 3756 331 3811 volo
354 3755 390 3811 ab
414 3752 479 3809 aliis
502 3754 617 3810 doceri)
657 3755 728 3810 Vide
746 3755 959 3810 Fleckeisenum
978 3756 1048 3810 Mna.
1068 3754 1155 3809 Rhea.
1176 3754 1240 3807 Vlll

94 3860 121 3912 n·
141 3843 278 3914 same]

202 3931 227 4001 “)
262 3932 416 4002 [l'elellisae
450 3948 480 3988 se
512 3931 673 4002 opinionem
707 3933 742 3986 de
774 3934 828 3988 hoc
860 3949 943 3988 versu
975 3937 1004 3988 et
1035 3934 1081 3989 hic
1113 3935 1142 3988 et
1169 3933 1242 3988 intra

93 4039 121 4091 p.
140 4036 261 4076 nxmx
280 4022 469 4093 disputantem
484 4020 655 4076 Ritscheliua
676 4021 833 4091 intellexit,
853 4039 915 4077 cum
938 4018 1145 4077 Studemuridna
1164 4035 1241 4076 0001-

94 4123 162 4164 rras
180 4110 273 4179 potius
291 4128 325 4166 ex
339 4112 366 4165 A
381 4113 522 4179 enotaret3
541 4126 627 4178 quare
647 4109 675 4164 in
694 4110 737 4165 ed.
757 4111 807 4165 alt.
826 4114 941 4167 anctore
962 4111 1144 4167 Fleckeiseno
1163 4128 1239 4166 oceu-

90 4200 158 4269 pios
176 4199 255 4254 dedit
273 4202 384 4255 serrato
401 4200 541 4270 deorum]

183 4289 225 4358 ”)
245 4288 299 4354 Qui
318 4305 401 4359 quem
416 4289 547 4345 Beroaldi
567 4288 692 4346 codicem
711 4289 873 4346 Plautinum
892 4309 955 4346 eum
974 4290 1043 4346 alibi
1061 4293 1121 4344 tum
1140 4290 1168 4344 in
1188 4290 1241 4344 hac

94 4379 287 4450 disputatione
316 4397 342 4448 p.
361 4384 412 4433 431
444 4381 658 4450 commemorat,
686 4378 852 4434 deterrimus
880 4383 924 4435 est
949 4380 1087 4449 eiusdem,
1116 4378 1194 4434 onius
1214 4379 1244 4432 1⁴¹

93 4472 198 4537 noster,
215 4469 333 4539 generis.
