3014 5018
251 324 419 396 1311111
444 345 708 398 111111111111
733 346 804 397 usn
828 346 974 398 111111.
998 348 1327 398 11111111111111.

249 495 299 557 est
321 493 459 578 paginae
485 493 565 575 942,
589 494 643 558 nbi
666 494 783 559 lacuna
805 494 920 558 relicta
943 497 999 558 est.
1045 491 1181 558 Vtinam
1206 515 1278 558 eam
1301 495 1397 560 nobis

249 600 378 684 explere
396 601 515 684 possis!
539 600 663 666 Deinde
681 601 766 666 libro
786 597 834 666 ιδ’.
858 622 927 684 cap.
949 598 1270 680 1511εά11111
1294 601 1397 666 multa

249 706 471 772 desiderantur
499 708 670 793 dogmata,
701 729 783 793 quae
806 707 925 773 Latina
948 707 1057 772 Rufini
1085 706 1186 789 editio
1209 707 1318 772 habet.
1364 706 1398 772 Si
1448 707 1450 711 ’

249 814 444 898 exemplaria
474 815 532 879 illa
559 813 728 897 haberem,
755 812 931 897 losephum
959 815 1128 881 meliorem
1156 814 1232 879 dare
1260 837 1399 899 possem.

249 917 311 983 Sed
339 924 488 986 senectus
516 921 730 1005 longinquum
763 921 825 985 iter
851 922 1021 986 instituere
1053 920 1213 1005 prohibet.
1265 919 1398 1005 Tamen,

248 1025 282 1089 ni
300 1046 399 1111 grave
419 1030 478 1110 est,
498 1049 551 1092 eas
571 1028 704 1093 lacunas
723 1027 816 1092 nobis
836 1027 948 1112 exple?
972 1065 1007 1074 -
1031 1026 1145 1097 8111111Ι
1158 1029 1204 1093 im
1219 1027 1398 1094 December

247 1133 415 1198 desselben
438 1133 557 1199 Jahres
581 1134 771 1200 wiederholt
794 1156 829 1200 er
853 1135 940 1199 scine
963 1134 1054 1199 Bitte
1077 1157 1107 1218 p.
1130 1136 1211 1202 678:
1235 1134 1285 1200 ‘si
1311 1137 1397 1202 loco-

247 1261 320 1303 rum
351 1239 498 1323 Iosephi,
521 1263 657 1324 quorum
682 1241 792 1305 alteris
816 1241 937 1306 litteris
961 1241 1107 1324 memini,
1138 1263 1199 1327 ope
1222 1247 1281 1306 tua
1304 1243 1399 1328 copia

248 1346 327 1410 mihi
354 1346 424 1429 fiat,
455 1346 540 1411 unde
567 1345 706 1411 lacunae
728 1348 762 1411 in
786 1346 981 1412 editionibus
1010 1348 1216 1432 expleantur,
1244 1370 1398 1434 magnam

249 1477 268 1516 a
291 1474 342 1516 me
365 1453 462 1518 inibis
485 1453 646 1538 gratiam?
664 1491 701 1500 -
723 1454 832 1519 Rasch
847 1475 956 1540 genug
969 1454 1029 1519 ha't
1042 1454 1211 1520 Labbaeus
1227 1453 1399 1539 Scaliger’s

196 1577 235 1616 ³³⁸
251 1558 451 1644 Verlangen,
483 1582 578 1625 wenn
611 1561 694 1626 auch
723 1561 822 1626 leider
849 1562 941 1627 nicht
970 1563 1076 1627 seiner
1102 1562 1303 1647 Erwartung
1330 1567 1398 1627 ent

249 1666 421 1751 sproehen3
445 1668 528 1732 denn
553 1668 670 1732 bereits
695 1669 740 1732 im
764 1666 1396 1734 11111111160711111111111111111111

248 1795 278 1855 p.
302 1773 367 1837 679
393 1772 452 1836 wie
476 1772 574 1858 folgt:
603 1772 740 1838 ‘Mirum
765 1796 848 1858 vero,
877 1774 915 1838 de
939 1777 991 1839 tot
1013 1773 1145 1859 Iosephi
1169 1774 1335 1841 codicibus
1357 1797 1400 1839 ne

250 1902 349 1944 unum
381 1879 510 1963 quidem
542 1881 724 1946 absolutum
757 1881 901 1965 reperiri.
956 1880 1041 1957 Quia
1070 1902 1146 1946 vero
1179 1881 1399 1947 characterem

251 1987 418 2071 antiquum
434 1988 578 2052 omnium
586 1985 611 2074 ¹)
626 2009 697 2052 esse
716 1987 805 2070 dieis,
828 1988 898 2051 fieri
921 1968 990 2052 non
1011 1983 1119 2072 potest
1137 1989 1216 2072 quin
1236 1989 1340 2054 multa
1360 2010 1400 2054 ex·

248 2094 314 2158 illis
330 2094 447 2179 corrigi
462 2094 598 2178 possint,
622 2116 703 2177 quae
717 2094 894 2178 depravata
909 2095 943 2158 in
958 2094 1098 2159 editione
1118 2095 1399 2164 circumferuntur.

249 2201 357 2265 Vnum
381 2201 477 2265 velim
501 2201 677 2265 affirmanti
696 2200 780 2265 ¹mihi
804 2201 930 2284 credas,
958 2200 1086 2266 infinita
1114 2224 1184 2267 esse
1207 2204 1241 2267 in
1264 2204 1399 2288 Iosephi

249 2308 383 2392 vulgata
397 2308 453 2372 illa
468 2306 618 2391 editione,
641 2328 722 2391 quae
737 2329 832 2372 nemo
847 2307 1017 2391 intellegit.
1055 2306 1230 2393 Quaedam,
1253 2314 1290 2374 ut
1308 2316 1400 2396 puto,

247 2414 387 2479 feliciter
415 2414 566 2479 eruimus.
612 2412 673 2478 Sed
702 2415 730 2479 si
757 2414 864 2479 varias
893 2415 1036 2479 omnium
1065 2415 1211 2480 codicum
1239 2416 1398 2482 lectiones

249 2522 521 2599 nancisceremur,
558 2543 624 2586 non
656 2522 783 2607 pigeret
814 2522 912 2586 etiam
945 2522 984 2586 de
1021 2522 1078 2586 illo
1111 2524 1397 2606 praestantissimo

249 2628 406 2712 scriptore
434 2628 514 2692 bene
544 2627 681 2692 mereri'
706 2665 747 2674 —-
771 2627 810 2691 ln
839 2628 950 2693 sieben
973 2627 1145 2711 folgenden
1169 2628 1316 2715 Briefen,
1345 2631 1397 2695 die
1413 2613 1428 2635 ⁰

249 2734 300 2799 bis
324 2735 358 2799 11
382 2735 444 2800 den
459 2736 638 2800 December
664 2735 757 2819 1608,
781 2735 851 2799 also
874 2734 925 2799 bis
949 2735 1026 2799 kura
1050 2757 1109 2798 vor
1131 2732 1301 2820 Scaliger's
1325 2736 1395 2801 Tod

248 2841 387 2926 reichen,
410 2842 454 2906 ist
476 2844 563 2908 daun
586 2842 679 2907 nieht
702 2843 812 2906 weiter
836 2840 887 2905 die
910 2841 996 2905 Rede
1021 2863 1095 2905 vom
1118 2840 1286 2927 Iosephus.

337 2950 398 3015 Die
421 2951 455 3016 in
478 2948 646 3015 derselben
668 2950 763 3023 Anm.
790 2948 830 3012 13
854 2946 1091 3033 aufgeworfene
1116 2946 1235 3034 Frage,
1264 2950 1305 3015 ob
1330 2951 1394 3015 und

248 3080 298 3121 wo
322 3062 408 3121 etwa
430 3057 487 3121 der
509 3078 573 3120 von
597 3054 764 3120 Fabricius
788 3054 966 3136 erwtihnte,
990 3055 1109 3119 zuletzt
1131 3057 1166 3120 in
1189 3054 1285 3122 Oonr.
1308 3054 1394 3122 Sam.

249 3163 507 3230 Schurzfleisch's
539 3160 649 3226 Besitz
681 3160 892 3246 gekommene
925 3158 1072 3245 ‘Iosephi
1110 3163 1210 3228 1111111
1243 3163 1394 3246 Graecus,

248 3276 380 3336 notatus
405 3270 527 3355 passim
551 3292 649 3334 manu
674 3266 841 3353 Scaligeri'
865 3291 894 3332 u.
915 3291 939 3332 1.
960 3290 996 3332 u.
1020 3269 1104 3334 noch
1128 3269 1317 3336 vorhauden
1340 3272 1394 3355 sei,

248 3378 307 3443 hat
330 3378 400 3442 ihre
423 3377 642 3460 vollstiindige
660 3375 918 3458 Beantwortung
941 3375 1113 3460 gefunden.
1150 3375 1217 3442 Das
1237 3378 1393 3463 gedachte

248 3485 424 3571 Exemplar
443 3485 533 3569 wird,
553 3484 611 3548 wie
630 3482 714 3548 nach
734 3481 909 3548 fabricius*
928 3481 1125 3568 Andeutung
1143 3507 1181 3548 zu
1202 3485 1394 3550 vermuthen

250 3647 461 3656 u-——ffl

324 3753 344 3821 ¹)
364 3752 460 3807 Diesea
484 3751 643 3819 ‘omnium',
666 3748 752 3804 aowie
774 3749 874 3803 vorhcr
899 3747 945 3802 ‘de
968 3748 1013 3803 tot
1036 3748 1146 3819 Iosephi
1169 3749 1336 3820 codicibua’,
1359 3751 1396 3806 ist

249 3841 373 3896 offenbcr
401 3860 456 3897 von
479 3840 719 3896 sbmmtlichen
746 3839 886 3893 Schriften
911 3839 960 3894 dea
987 3838 1122 3908 Iosephus
1141 3841 1175 3906 (c.
1194 3838 1309 3909 Apion,
1329 3840 1394 3895 bell.

249 3930 308 3985 Iud.
327 3949 353 3986 1.
373 3949 394 3985 s.
414 3933 459 4000 w.)
479 3947 513 3984 au
532 3929 693 3996 verstehen,
716 3928 786 3982 dher
804 3929 888 3982 deren
907 3927 937 3981 in
955 3928 1005 3981 der
1022 3927 1132 3982 Pariaer
1151 3925 1315 3983 Bibliotheh
1334 3946 1395 3985 vor-

248 4020 375 4075 handene
394 4019 613 4075 Handsehrilten
637 4017 684 4073 ich
708 4018 781 4071 mich
805 4016 893 4072 uther
911 4035 945 4070 zu
963 4016 1153 4071 unurrichten
1172 4015 1274 4070 hainen
1293 4018 1395 4072 Anlesa

248 4108 335 4163 hatte.
373 4109 454 4164 Denn
471 4109 536 4163 dass
555 4125 610 4162 von
630 4107 679 4162 der
701 4104 935 4175 Archttologie
958 4105 1017 4160 sich
1041 4106 1106 4161 dor-t
1127 4123 1180 4161 nur
1199 4105 1254 4160 ein
1272 4107 1394 4176 (relatis)

248 4197 450 4267 vollstltndiger
465 4198 558 4253 Codex
572 4199 630 4251 erat
644 4196 692 4251 des
709 4197 789 4250 loten
803 4194 896 4265 Jhdta,
910 4194 966 4249 und
980 4195 1139 4250 ausserdcm
1154 4195 1226 4248 noch
1246 4194 1309 4250 eine
1323 4212 1395 4266 gana

249 4285 394 4340 verhdrzto
412 4288 542 4357 Epitome
561 4285 699 4342 vorlindet
718 4284 808 4354 (beide
827 4301 883 4339 von
901 4283 955 4337 mir
973 4284 1100 4339 erwtthnt
1117 4301 1145 4353 p.
1165 4289 1216 4338 197
1237 4284 1316 4356 [112]
1336 4285 1395 4338 und

249 4382 300 4429 600
325 4375 430 4445 [11]),
455 4377 530 4430 ward
558 4376 612 4430 mir
640 4393 661 4432 1.
690 4376 717 4429 Ζ.
747 4393 800 4429 von
829 4372 950 4428 meinem
973 4404 1007 4412 -
1030 4373 1119 4429 leider
1141 4372 1280 4429 allzufrdh
1304 4374 1395 4430 heim·

248 4481 431 4539 gegingeneu
453 4497 483 4504 —
503 4465 629 4520 Freuude
648 4465 691 4520 Fr.
711 4464 846 4519 Ddbner
864 4464 992 4535 bezeugt.
