2918 5004
442 362 676 412 sensimseuu
701 363 831 411 annus.
936 346 940 347 ⁷
1142 347 1207 410 675

63 503 228 570 Nimirum
257 504 319 570 hoc
347 506 483 571 consilio
507 507 653 571 conditas
677 528 762 591 esse,
794 528 874 591 quas
898 506 1053 590 peculiari
1076 506 1207 572 nomine

64 612 106 676 ab
142 613 410 677 universitatibus
448 613 604 678 discretas
643 611 824 678 academias
860 615 1044 679 litterarum
1081 617 1208 697 vocant,

64 719 193 803 magnis
221 742 279 805 per
308 720 447 785 maiores
475 720 626 784 civitates
652 722 823 805 plerasque
851 721 1007 805 impensis
1032 720 1207 785 sustentari

64 826 189 910 solitas,
211 827 374 892 tralaticia
398 848 475 892 voce
498 827 719 912 respondetur.
749 827 836 894 Huic
860 832 968 893 autem
992 850 1147 913 responso
1171 831 1208 892 ut

64 955 191 999 rursum
216 934 427 1018 respondeam
451 933 666 1018 adversando,
689 935 723 998 in
746 933 808 1000 hoc
831 957 907 1000 vero
931 936 1028 1000 cardo
1051 934 1207 1001 orationis

64 1061 155 1105 meae
182 1041 330 1106 vertitur.
374 1039 461 1128 Nam
494 1044 531 1105 ut
559 1041 670 1124 paucis
698 1040 982 1126 comprehendam,
1013 1064 1080 1106 non
1112 1042 1207 1107 credo

64 1148 124 1231 illi,
149 1149 233 1232 quod
257 1153 327 1213 tam
350 1146 522 1234 magnifice
545 1147 694 1231 iactatur,
717 1148 854 1213 consilio
878 1149 1006 1232 publico
1031 1149 1209 1214 academia·

64 1276 136 1318 rum
159 1255 310 1321 instituto
334 1255 385 1320 vel
408 1277 504 1338 posse
529 1254 678 1319 satisfieri
698 1255 748 1319 vel
766 1277 844 1339 prae
868 1256 1116 1322 universitatum
1139 1257 1206 1341 qui·
1221 1279 1269 1320 vrr

65 1361 137 1426 dem
160 1362 312 1428 instituto
337 1361 489 1428 satisfieri
512 1383 632 1427 revera.
664 1361 758 1428 Illinc
782 1367 819 1427 ut
842 1363 960 1448 ordiar,
983 1365 1034 1429 vel
1057 1363 1120 1429 hoc
1142 1386 1208 1430 nou

65 1473 116 1533 est
134 1469 281 1552 profecto
301 1469 422 1534 nullius
441 1469 607 1552 momenti,
626 1469 710 1553 quod
730 1469 857 1533 litteras
876 1469 1053 1554 universas,
1072 1492 1208 1554 quarum

66 1576 307 1642 consociatione
336 1598 394 1641 suo
422 1575 552 1640 nomine
581 1575 698 1661 dignae
730 1575 959 1641 universitates
993 1598 1136 1660 evasere,
1168 1599 1209 1641 ne

66 1682 179 1748 volunt
208 1683 353 1768 quidem,
385 1704 468 1766 quae
495 1682 592 1747 hodie
622 1682 804 1746 academiae
832 1681 997 1766 foventur,
1030 1683 1210 1767 complecti,

66 1790 121 1854 scd
146 1789 283 1856 exclusis
307 1790 495 1874 plerumque
520 1792 571 1854 sat
594 1790 748 1876 gravibus
772 1789 952 1873 disciplinis
976 1789 1209 1875 philosophicis

66 1903 99 1962 et
121 1920 198 1964 vero
222 1916 342 1981 magna
365 1917 403 1961 ex
426 1900 520 1981 parte
543 1896 641 1961 ctiam
666 1896 799 1962 medicis
823 1901 855 1961 et
877 1897 1020 1962 iuridicis
1045 1895 1135 1984 (uam
1160 1918 1210 1960 ex·

66 2004 171 2068 clusas
194 2003 399 2088 theologicas
423 2003 530 2068 minus
554 2023 650 2088 aegre
673 2002 757 2088 fero)
777 2004 1022 2089 angustioribus
1047 2023 1118 2069 sese
1140 2003 1210 2068 tini·

66 2111 127 2174 bus
149 2110 392 2194 historicarum,
415 2108 705 2196 philologicarum,
732 2110 1035 2176 mathematicorum
1059 2110 1209 2195 physica·

66 2238 201 2301 rumque
228 2217 552 2302 circumsaepserunt.
598 2215 660 2282 Sed
684 2218 779 2282 mitto
803 2239 887 2283 nunc
911 2221 944 2283 et
965 2217 1049 2283 hanc
1073 2222 1106 2281 et
1129 2238 1211 2301 quae

1 2322 2 2327 ’
66 2325 166 2389 etiam
191 2322 356 2410 graviores
380 2344 513 2388 caussae
537 2323 571 2388 in
595 2327 748 2408 promptu
773 2327 857 2408 sunt,
880 2346 937 2390 cur
960 2328 1076 2409 suapte
1095 2328 1212 2389 natura

66 2453 160 2516 pares
184 2452 255 2496 esse
278 2429 460 2495 academias
484 2432 522 2516 ei,
546 2432 596 2496 cui
615 2430 786 2496 institutae
805 2453 875 2496 esse
893 2431 1051 2516 feruntur,
1074 2431 1211 2496 consilio

66 2560 198 2625 negem,
222 2537 333 2621 paullo
356 2540 432 2621 post
454 2536 517 2603 huc
539 2558 733 2605 reversurus.
779 2527 902 2614 Quodsi
925 2560 1024 2622 nunc,
1046 2560 1112 2603 non
1136 2537 1212 2623 quid

66 2645 119 2710 rel
143 2644 273 2729 possint
291 2645 342 2708 vel
366 2665 432 2709 non
455 2644 583 2727 possint
605 2649 781 2728 praestare,
805 2644 859 2709 sed
885 2644 961 2727 quid
986 2645 1213 2729 praestiterint

67 2757 100 2816 et
123 2755 289 2836 praestent
312 2750 505 2835 quaerimus,
528 2750 672 2815 omnium
696 2750 837 2835 primum
862 2751 974 2834 procul
993 2750 1144 2816 habenda
1162 2755 1212 2815 est

67 2859 137 2923 eius
161 2857 345 2924 academiae
367 2857 583 2942 comparatio,
612 2879 631 2921 a
654 2857 744 2921 cuius
768 2858 914 2940 exemplo
939 2861 971 2920 et
994 2855 1102 2941 effigie
1126 2860 1211 2921 recte

66 2970 270 3050 repetuntur,
301 2968 462 3050 quotquot
493 2965 527 3028 in
549 2968 662 3029 nostra
685 2964 792 3048 patria
814 2962 962 3029 conditae
986 2967 1063 3027 sunt
1085 2965 1118 3026 et
1140 2963 1212 3026 imi-

66 3073 166 3139 tando
194 3073 365 3138 formatae:
398 3093 496 3156 quam
525 3092 595 3136 esse
620 3069 900 3155 Franoogallicam
930 3073 1076 3154 constat,
1108 3069 1212 3134 iustos

67 3202 140 3245 cam
167 3179 308 3245 honores
337 3181 542 3244 consecutam
571 3184 605 3243 et
635 3178 746 3243 debita
768 3177 874 3262 gloria
896 3176 1066 3242 fruentem.
1112 3174 1212 3259 Atqui

66 3308 133 3351 non
158 3287 263 3350 minus
288 3288 416 3350 constat
438 3284 473 3348 in
491 3283 720 3369 Francogallia
743 3283 873 3368 quidem
897 3284 1027 3369 ingenio
1051 3282 1211 3348 doctrina·

68 3413 130 3477 que
158 3391 350 3455 excellentes
378 3390 527 3456 homines
560 3394 593 3455 et
627 3393 794 3474 tamquam
828 3390 936 3474 capita
969 3391 1152 3455 litterarum
1179 3389 1213 3452 in

67 3520 166 3564 unam
189 3497 256 3562 fere
280 3497 390 3561 urbem
415 3501 544 3563 coactos
568 3519 648 3581 esse,
670 3518 752 3581 quae
775 3519 849 3561 cum
868 3497 970 3581 ipsius
989 3501 1096 3561 terrae
1117 3499 1215 3580 caput

68 3607 121 3689 sit,
144 3604 388 3688 disciplinarum
411 3604 446 3668 in
465 3626 499 3668 se
518 3604 628 3688 copias
648 3625 758 3670 omnes
778 3604 947 3688 complexa
965 3626 1041 3669 vera
1062 3607 1094 3669 et
1113 3623 1213 3688 prope

67 3734 134 3778 una
166 3712 285 3776 artium
317 3710 566 3794 litterarumque
599 3711 690 3776 sedes
723 3714 841 3795 exstet,
873 3711 1073 3796 emergentia
1104 3714 1211 3774 autem

67 3841 126 3904 per
153 3817 338 3904 provincias
367 3815 498 3902 ingenia
527 3816 681 3881 continuo
707 3816 827 3881 haustu
858 3817 995 3883 asciscat
1026 3838 1147 3900 suoque
1177 3817 1212 3879 in

68 3927 143 3991 sinu
166 3924 317 4009 recipiat:
340 3927 455 3988 contra
478 3923 719 4007 universitates,
741 3923 862 3988 nostris
886 3923 1015 4007 quidem
1038 3924 1089 3988 vel
1108 3921 1213 4008 digni-

68 4037 138 4098 tate
160 4053 255 4115 pares
279 4031 330 4095 vel
355 4030 491 4095 consilio
516 4030 649 4114 similes,
672 4051 731 4094 nec
754 4030 788 4094 in
811 4030 989 4114 provinciis
1011 4051 1072 4094 nec
1090 4029 1124 4093 in
1142 4029 1214 4112 ipsa

68 4140 147 4205 urbe
177 4142 304 4203 exstare
336 4138 478 4203 omnino.
524 4137 552 4202 Α
585 4159 649 4223 qua
679 4137 867 4202 condicione
897 4137 1133 4202 diversissimas
1162 4159 1209 4200 ra·

67 4247 176 4311 tiones
198 4246 357 4310 habemus
380 4243 466 4329 quod
492 4245 588 4308 nobis
612 4244 820 4328 gratulemur.
865 4243 956 4309 Inter
978 4266 1059 4329 quos
1084 4267 1103 4309 a
1125 4244 1212 4329 prin-

67 4353 155 4438 cipio
179 4352 393 4436 aequabiliter
415 4372 473 4436 per
491 4353 659 4415 universae
674 4348 867 4415 Germaniae
890 4351 1084 4435 provincias,
1108 4351 1214 4435 urbes,

67 4459 189 4545 oppida
217 4459 315 4541 longe
342 4458 470 4542 lateque
498 4456 709 4522 disseminata
739 4456 891 4541 doctrina
916 4480 982 4522 non
1003 4457 1101 4522 modo
1125 4457 1216 4521 nulla

947 4560 1002 4614 43*
