2940 5004
248 333 314 397 554
537 351 609 399 nvo
633 351 896 399 ruooasnnsrs
919 351 1103 402 Pusvumn.

249 498 286 560 ut
313 495 411 560 vestri
438 495 547 560 iudicii
576 495 743 560 exercendi
771 497 897 580 copiam
925 500 1075 581 paratam
1102 496 1271 562 habeatis.
1326 496 1408 574 Quid

208 602 215 615 ”
249 603 335 667 euim
360 602 410 686 sit,
435 624 491 667 cur
513 601 576 667 hoc
599 601 805 686 potissimum
829 607 975 687 tempore
994 625 1110 688 operae
1129 600 1315 688 parcamus
1341 606 1408 669 bra

249 709 408 793 vitatique
431 709 620 774 studeamus
643 711 771 792 praeter
794 713 915 795 cetera,
944 710 1026 776 satis
1053 712 1140 775 inter
1163 695 1225 776 vos
1251 715 1407 777 constare

248 820 410 901 putamus.
464 813 653 900 Delegimus
685 815 789 900 igitur
821 816 981 880 cantuum
1013 816 1093 882 illud
1127 841 1146 883 a
1181 841 1249 903 quo
1287 841 1405 884 scaena

249 923 354 988 altera
376 922 537 988 Pounvar
561 921 688 1006 incipit:
718 923 807 987 cuius
831 921 895 1006 ipsi
919 923 1065 989 videritis
1088 946 1168 989 nmn
1193 926 1281 991 baec
1307 949 1403 1011 quarn

248 1029 334 1095 infra
364 1029 531 1114 posuimus
563 1028 685 1113 species
717 1050 775 1093 000
806 1028 974 1094 dissimilis
1005 1031 1072 1096 veri
1102 1031 1146 1096 sit
1174 1053 1236 1097 nec
1268 1032 1403 1120 indigna

248 1137 374 1202 Plauto.

689 1314 957 1381 Ausarnsswu.

294 1439 415 1525 Negoti
439 1436 505 1504 sibi
525 1440 581 1524 qui
604 1439 692 1504 uole‘t
714 1439 782 1504 uim
805 1442 931 1525 parare,

292 1547 420 1613 Nauem
443 1548 476 1611 et
498 1546 665 1611 mulierem
690 1545 770 1612 hae‘c
794 1548 856 1612 duo
880 1546 947 1612 sibi
968 1552 1165 1633 comparato.

292 1654 379 1719 Nam
400 1653 510 1718 millae
534 1651 640 1738 magis
663 1675 714 1717 res
739 1654 820 1718 duae
843 1655 916 1738 plus
939 1656 1050 1740 negoti

293 1761 437 1845 Habent,
460 1760 546 1825 forte
570 1760 597 1824 si
621 1758 783 1844 occeperis
807 1763 970 1846 exornare,

294 1869 420 1953 [Neque
443 1873 598 1953 quuam
622 1871 673 1932 sat
696 1865 779 1932 istae
802 1868 884 1933 duae‘
907 1891 959 1933 res
983 1871 1164 1955 ornantur,]
1350 1894 1396 1941 215

293 1976 405 2062 Neque
429 1974 476 2040 eis
499 1975 567 2041 ulla
590 1974 726 2040 ornandi
750 1972 830 2039 satis
854 1975 990 2040 satietas
1014 1982 1071 2041 est.

294 2084 401 2168 Atque
423 2082 504 2147 1]οό0
528 2085 563 2147 ut
585 2083 709 2166 loquor,
732 2104 816 2147 nunc
840 2082 935 2148 domo
959 2083 1055 2170 doqta
1077 2082 1160 2152 dico

292 2191 379 2256 Nam
402 2192 463 2255 nos
487 2212 587 2274 usque
611 2191 651 2254 ab
676 2194 793 2255 aurora
817 2189 858 2255 ad
881 2189 943 2255 hdo
965 2190 1051 2275 quod
1074 2192 1172 2259 die'ist

293 2298 343 2362 Ex
366 2294 527 2361 industria
549 2297 662 2361 rimbae
685 2297 862 2381 nrmrqurim
886 2299 1110 2363 concessamus

293 2405 411 2470 Lauari
435 2410 491 2469 aut
514 2405 623 2470 fricari
647 2409 704 2470 aut
727 2406 847 2490 tergeri
870 2410 927 2470 aut
950 2407 1067 2490 ornari,
1346 2428 1394 2475 000

248 2599 364 2667 reliquis
384 2598 520 2668 omnibns,
540 2598 588 2652 ubi
603 2598 718 2667 quidem
732 2599 791 2654 eius
805 2599 959 2655 dissensum
973 2600 1082 2655 nullum
1096 2603 1267 2672 notaverim,
1287 2622 1393 2660 mecum

249 2688 405 2747 consentire
428 2704 594 2753 narravero,
620 2704 677 2742 non
700 2705 799 2743 vereor
821 2689 947 2759 protecto
970 2706 1005 2744 ne
1029 2690 1082 2744 hoc
1100 2707 1174 2746 vano
1199 2692 1392 2748 nesciocuius

248 2780 385 2851 gloriolae
407 2777 500 2832 studio
524 2776 625 2831 dixisse
650 2777 758 2831 videar:
787 2795 805 2832 a
828 2795 884 2848 quo
902 2795 951 2833 vos
971 2778 1082 2847 quidem
1101 2780 1189 2848 probe
1209 2781 1290 2836 scitis
1309 2800 1391 2851 quam

248 2869 300 2924 sim
325 2869 446 2924 alienus:
479 2866 527 2921 ssd
550 2882 675 2921 memoro
698 2866 751 2921 boc
774 2868 806 2921 ut
827 2866 939 2937 penitus
962 2868 1147 2938 pernoscatis,
1172 2873 1281 2940 quanta
1306 2872 1344 2927 sit
1364 2873 1391 2926 iu

247 2960 301 3013 hac
320 2958 382 3028 ipsa
401 2956 500 3012 critica
517 2958 592 3022 arte,
616 2972 687 3024 quae
706 2954 890 3010 incertissima
909 2956 997 3011 videri
1017 2957 1109 3012 stultis
1128 2958 1294 3015 hominibus
1314 2961 1391 3028 solet,

248 3047 387 3103 certitudo
412 3049 441 3099 et
464 3046 608 3113 tamquam
631 3043 791 3100 necessitas.
829 3044 968 3100 Plurimae
992 3045 1066 3100 enirn
1085 3048 1260 3117 corruptelas
1280 3067 1390 3119 prorsus

247 3136 349 3190 nostris
368 3133 525 3189 rationibus
545 3133 743 3188 convenienter
762 3133 870 3203 pridem
889 3135 1041 3189 sustulerat
1053 3135 1239 3206 Hermannns,
1259 3141 1290 3193 st
1305 3141 1390 3192 sustu·

246 3224 320 3278 lerat
343 3223 402 3277 sine
421 3221 487 3277 talis
506 3222 570 3278 libri
590 3239 659 3292 ope,
678 3222 791 3292 qualem
809 3240 882 3278 nunc
900 3226 1041 3295 repertum
1060 3226 1090 3278 et
1107 3241 1255 3279 excussum
1275 3227 1390 3281 Ambro-

247 3311 356 3367 sianum
380 3311 526 3366 laetamur.
564 3310 669 3377 Quibus
693 3311 771 3366 nolui
789 3311 955 3383 singillatim
974 3313 1167 3369 enumerandis
1186 3331 1248 3369 esse
1268 3315 1389 3385 putidus.

248 3402 291 3456 En
313 3400 400 3472 igitur
419 3400 499 3456 vobis
524 3417 652 3455 scaenam
671 3399 805 3455 siminus
825 3403 1016 3471 personatum,
1044 3403 1075 3456 at
1093 3404 1125 3455 ut
1143 3419 1160 3456 a
1177 3401 1305 3471 pristina
1322 3404 1388 3459 into

247 3491 349 3563 gritate
369 3492 444 3547 certe
463 3490 578 3560 propius
597 3506 681 3560 quam
700 3489 793 3544 adhuc
811 3489 866 3545 fuit
884 3476 999 3545 absit’¹

109 3644 111 3647 Ι
220 3682 233 3722 0
321 3669 425 3738 ‘Atque
443 3668 514 3722 haec
534 3667 647 3736 quidem
665 3668 809 3723 hactenns.
848 3668 954 3735 Quibus
973 3667 1097 3723 fruimini
1115 3670 1261 3739 tamquam
1281 3672 1388 3740 ultima,

247 3778 331 3830 quam
358 3757 519 3827 impendere
546 3758 655 3812 vernae
683 3756 854 3812 institutioni
881 3758 1058 3829 conceditur,
1083 3760 1183 3829 opella.
1228 3760 1277 3815 Sic
1296 3763 1388 3816 antem

245 3850 311 3905 volo
339 3863 503 3918 persuasum
529 3845 672 3915 habeatis,
701 3846 772 3901 nihil
798 3864 929 3916 umquam
953 3847 1141 3918 gratissimam
1163 3849 1387 3906 recordationem

245 3955 342 3994 eorum
361 3952 497 3991 annorum
515 3952 576 3990 0000
595 3935 819 4005 obscuraturum,
842 3954 893 4006 per
915 3954 984 4006 quos
1007 3936 1172 3993 suavissimo
1197 3938 1388 3994 communium

246 4026 400 4081 studiorum
424 4023 536 4079 vinculo
561 4024 655 4093 vobis,
679 4025 815 4080 carissimi
838 4026 1058 4095 commilitones,
1081 4027 1180 4096 etqui
1205 4029 1274 4083 ante
1296 4047 1344 4085 vos
1362 4031 1389 4083 in

245 4118 297 4172 hac
326 4115 483 4169 litterarum
507 4113 648 4184 palaestra
675 4114 859 4185 desudarunt,
887 4117 1050 4172 coniunctus
1074 4118 1118 4171 tot
1140 4116 1229 4172 studii
1252 4134 1324 4189 erga
1346 4134 1389 4172 me

244 4205 331 4260 vestri
359 4204 529 4259 documenta
557 4221 617 4258 sum
645 4206 789 4274 expertus,
816 4206 849 4259 nt
870 4206 942 4261 nihil
965 4206 1021 4262 iarn
1044 4205 1168 4262 sanctius
1192 4209 1223 4262 et
1245 4208 1391 4277 antiquius

245 4294 372 4361 habeam,
391 4311 474 4362 quam
493 4292 579 4348 etiam
597 4297 683 4363 atque
702 4294 788 4350 etiam
807 4311 825 4349 0
843 4295 923 4350 vobis
942 4296 996 4351 hoc
1013 4297 1118 4365 petere,
1137 4296 1171 4349 ut
1189 4295 1318 4366 aliquam
1336 4299 1392 4353 mei

245 4380 408 4436 memoriam
437 4382 523 4436 etiam
551 4382 675 4437 absentis
703 4381 884 4439 conservetis.
921 4383 1022 4439 Valete
1045 4383 1170 4453 mihique
1190 4384 1297 4444 favete.
1336 4388 1392 4444 Sor.

245 4468 432 4524 Vratislaviae
452 4470 477 4533 d.
497 4470 535 4524 XI
555 4489 589 4524 m.
609 4472 691 4527 Mart.
710 4473 963 4530 mmccxxxvmlff
