2992 5004
420 327 685 380 tmrnnnronrs
708 324 915 379 rtavrrula.
1175 302 1237 377 337

98 501 169 544 esse
194 479 250 565 qui
272 477 374 565 violet
397 477 648 558 contaminetve,
671 499 738 541 non
760 480 884 561 negant
905 476 970 541 nisi
989 476 1045 561 qui
1063 475 1240 558 desipiunt:

97 587 246 672 argutius
270 588 321 650 est
339 582 536 649 Bothianum
555 583 681 649 honoris
699 585 834 649 aradae:
859 584 893 648 in
908 582 1114 648 Gronoviana
1132 587 1240 648 autem

97 692 305 759 construendi
324 693 450 757 rationo
469 691 674 756 vehementer
692 693 827 777 languet
845 691 1004 755 inutiliter
1025 690 1146 754 iterata
1169 711 1240 753 sen-

96 801 200 865 tentia
222 800 265 864 ad
285 800 498 881 quaerundum
520 799 673 864 honorem.
701 833 743 843 -
771 797 800 861 n
829 797 915 862 vitae
943 795 1138 862 cottidianae
1167 817 1240 860 con·

97 906 269 971 suetudine
293 906 482 970 crediderim
506 903 752 991 epithecam*)
784 904 924 989 petitum
956 926 985 969 v.
1012 905 1110 989 1025,
1142 926 1240 989 quarn

97 1015 293 1097 interpretor
316 1013 459 1099 aliquam
483 1014 625 1078 ἐπίδοτιν
649 1014 700 1077 rel
724 1013 903 1092 ἐπίμετρον,
930 1013 979 1076 vel
1002 1016 1039 1076 ut
1060 1011 1149 1076 Festi
1172 1033 1241 1077 ver·

97 1120 148 1184 bis
172 1126 246 1185 utar
269 1121 354 1204 apud
378 1120 525 1184 Paullum
549 1142 579 1204 p.
597 1121 639 1184 14
661 1117 714 1202 M,
736 1120 921 1197 auctarium,
943 1120 1024 1201 quod
1044 1140 1136 1202 saper
1157 1140 1240 1183 mea-

96 1249 204 1293 atram
232 1228 278 1292 oet
299 1229 424 1310 pondos
450 1229 567 1292 tristam
595 1227 794 1305 adiciebatur,
825 1231 861 1290 ot
887 1227 1027 1291 armatas
1056 1231 1185 1290 uocatae
1206 1229 1241 1290 ia

97 1336 213 1400 modio:
247 1356 311 1419 quo
339 1357 434 1399 sensu
465 1335 537 1419 ipsa
565 1336 697 1414 ἐπιθήκη
726 1355 805 1399 voce
833 1334 867 1398 in
895 1333 995 1398 simili
1019 1333 1091 1398 ioco
1115 1332 1240 1422 Aristo·

96 1442 220 1526 phanes
244 1465 320 1507 usus
344 1440 441 1534 Vesp.
464 1464 493 1506 ν.
519 1442 617 1506 1391:
655 1440 829 1522 κάξέβαλεν
852 1441 1014 1505 ἐντευθενὶ
1038 1438 1154 1520 ἄρτου(
1177 1438 1242 1505 δέκ’

97 1549 225 1630 ὀβολῶν
257 1549 432 1628 κάπιθήκην
463 1551 624 1627 τέτταρας.
669 1547 763 1621 ,Nam
795 1550 831 1612 ta
862 1547 1039 1630 apothecam
1071 1548 1126 1633 qni
1157 1547 1242 1631 apud

96 1656 248 1721 Plautum
272 1655 461 1740 probarunt,
484 1656 569 1739 quod
597 1679 616 1719 a
639 1655 796 1721 librorum
814 1655 875 1719 fide
894 1655 1040 1739 proxime
1060 1654 1161 1736 abest,
1183 1675 1242 1718 nec

95 1761 157 1826 hoc
173 1784 306 1826 nomen
335 1761 377 1826 ab
407 1761 516 1826 horrei
539 1759 718 1845 capacitate
748 1784 901 1846 umquam
931 1783 1001 1825 esse
1029 1760 1069 1825 ad
1097 1761 1242 1825 cistellae

97 1869 369 1953 significationem
392 1868 549 1933 deflexum
569 1868 838 1952 demonstrarunt,
860 1890 920 1934 nec
938 1868 1018 1932 illud
1037 1867 1243 1933 declararunt

97 1998 161 2058 qua
183 1975 414 2059 probabilitate
434 1974 612 2039 Stasimum
635 1968 764 2039 servum
787 1978 821 2039 et
843 1996 1064 2060 possessorem
1088 1975 1241 2057 dactylio-

96 2081 209 2147 thecae
232 2082 419 2167 cogitarim,
443 2087 476 2146 et
498 2104 537 2146 ea
561 2104 693 2146 usurum
713 2081 805 2146 adid
825 2081 1010 2146 condalium
1029 2081 1241 2162 condendum,

97 2188 182 2274 quod
204 2191 312 2273 ipsum
335 2193 464 2275 gestare
488 2189 522 2252 in
546 2188 649 2274 digito
674 2189 802 2253 soleret.
835 2187 902 2252 Nec
925 2188 992 2252 ullo
1017 2186 1112 2253 modo
1131 2186 1240 2271 friget,

97 2296 126 2360 si
149 2297 225 2381 quid
249 2296 368 2379 sentio,
391 2299 518 2360 serrato
540 2293 706 2377 epithecam
729 2293 863 2360 Stasimi
887 2295 1005 2361 oratio:
1035 2296 1090 2380 qui
1113 2317 1178 2359 non
1201 2294 1239 2358 il-
1252 2313 1356 2354 nxxxr

97 2403 204 2487 lepido
223 2404 370 2469 acumine
390 2403 428 2468 de
447 2404 542 2468 rebus
561 2402 666 2486 nihili,
689 2403 808 2469 damno
829 2407 861 2468 et
880 2404 999 2487 labore,
1021 2403 1069 2468 ita
1088 2403 1242 2488 loquitur,

97 2510 190 2594 quasi
218 2511 302 2577 bono
331 2512 451 2577 bonum
480 2511 588 2576 dedita
616 2533 715 2596 opera
744 2513 929 2597 quaesitum
959 2512 1099 2576 accedat.
1123 2548 1165 2558 —
1189 2509 1241 2574 Ad

97 2638 148 2700 ea,
180 2639 261 2701 quae
291 2619 556 2702 probabilitatem
586 2619 685 2684 etiarn
717 2620 787 2685 sino
817 2620 972 2705 exemplis
1002 2618 1158 2701 habeant,
1190 2638 1241 2681 me

97 2723 200 2788 iudice
223 2724 304 2789 illud
327 2747 453 2810 quoque
473 2726 615 2810 pertinet
633 2747 662 2789 v.
678 2727 755 2791 887:
779 2748 855 2809 opus
875 2730 990 2808 sartost
1010 2726 1133 2802 ταττέτω,
1156 2724 1242 2807 quod

98 2852 115 2894 e
139 2828 296 2895 librorum
319 2832 476 2896 memoria
497 2833 609 2913 factost
631 2832 711 2897 adeo
736 2856 795 2897 aua
814 2836 929 2917 sponte
947 2832 1064 2916 prodit,
1087 2836 1125 2895 ut
1147 2829 1241 2894 facile

36 2922 42 2927 ’
98 2938 206 3002 vincat
228 2938 359 3022 longius
383 2940 524 3023 petitum
545 2940 625 3020 face:
656 2940 725 3003 sive
746 2942 889 3020 sartum
911 2940 1061 3003 uiaticum
1084 2939 1243 3020 interpre-

98 3045 209 3110 tabere
228 3049 394 3130 tamquam
413 3047 621 3128 reisefotlluap,
644 3047 809 3124 reisemast,
832 3046 900 3111 sive
918 3050 1042 3110 certum
1060 3043 1121 3108 libi
1140 3064 1241 3128 genus

98 3153 218 3217 collata
238 3153 353 3233 semum
376 3151 542 3238 forma.**)
575 3151 623 3217 De
647 3152 853 3217 substantivo
876 3153 1026 3216 uiaticum
1049 3151 1242 3235 cogitarunt,

98 3259 153 3343 qui
180 3264 209 3323 et
234 3257 434 3323 infercirent:
469 3259 663 3323 adiectivum
696 3258 797 3324 habes
828 3258 945 3324 Bacch.
983 3258 1012 3342 1,
1038 3260 1069 3341 1,
1097 3259 1153 3341 61,
1186 3257 1242 3320 ubi

98 3387 172 3430 cena
193 3366 311 3429 uiatico
333 3365 459 3429 dicitur.
484 3403 526 3411 —
551 3349 674 3431 Contra
697 3366 947 3449 substantivum,
970 3368 1007 3428 ut
1029 3362 1127 3429 Poen.
1141 3362 1198 3446 IV,
1213 3363 1242 3446 2,

101 3474 156 3557 16,
179 3495 247 3537 non
271 3473 465 3537 adiectirum
489 3471 578 3538 volui
600 3475 763 3538 binariam
787 3494 858 3538 ease
880 3493 908 3535 v.
932 3472 1011 3538 888:
1043 3470 1099 3536 ubi
1123 3474 1160 3536 ut
1182 3491 1241 3553 pro

98 3737 187 3792 nitate
206 3737 419 3793 reconditiorem
438 3736 561 3807 aliquem
580 3737 768 3809 significatum
782 3736 893 3792 habuit:
913 3735 1003 3806 (velut
1017 3734 1136 3806 cogitari
1149 3736 1243 3805 potest

98 3825 244 3882 vindicans
267 3829 295 3881 h.
315 3844 339 3882 e.
362 3825 500 3881 ulciscens
524 3829 553 3881 et
575 3826 693 3896 puniens
713 3826 818 3882 scelera
836 3823 962 3880 carnifex
981 3823 1132 3893 aliquando
1151 3823 1242 3878 dictus

99 3933 159 3971 esse
178 3916 304 3989 vindexz)
323 3932 367 3971 me
386 3915 493 3970 nescire
511 3915 603 3970 fateor
621 3916 820 3986 quid‘vnlgata
835 3915 977 3985 scriptura
989 3914 1058 3970 fiat!
1089 3913 1129 3970 ef.
1141 3912 1241 3983 Opusc.

98 4004 351 4076 mhsspfflffl

189 4097 217 4164 *)
239 4095 384 4164 [ἐπιθήκην
403 4092 522 4148 tollendi
540 4092 635 4147 hiatus
654 4110 739 4149 causa
757 4093 786 4146 in
805 4092 847 4148 ed.
863 4093 912 4148 alt.
932 4091 1103 4146 Ritschcliue
1122 4091 1242 4160 scripsit,

98 4183 128 4237 id
147 4185 221 4252 quod
239 4199 404 4254 graecorum
426 4182 456 4236 in
473 4182 527 4237 hac
550 4181 613 4253 ipsa
630 4182 727 4236 fabula
744 4181 946 4236 vocabulorum
964 4184 1001 4249 (v.
1022 4185 1081 4236 187.
1099 4185 1160 4233 419.
1179 4180 1242 4246 tos)

99 4274 228 4342 exemplo
247 4272 437 4328 commendari
454 4276 601 4328 monuerat
619 4272 750 4327 Koohius.
789 4269 829 4325 cf.
848 4270 923 4325 intra
941 4289 968 4341 p.
987 4268 1144 4338 emmau]

170 4360 211 4431 ⁴³)
232 4363 275 4433 [ln
294 4361 337 4418 ed.
357 4360 407 4417 alt.
426 4361 595 4417 Ritachelius
620 4360 696 4430 Opuo
718 4361 816 4427 factost
838 4360 942 4414 uiatico
966 4356 1088 4413 servavit
1110 4357 1139 4410 in
1163 4372 1242 4425 prae·

99 4451 180 4519 senti,
199 4451 266 4519 quia
284 4451 384 4506 melius
402 4451 525 4506 nondum
543 4450 688 4505 inventum
707 4448 844 4520 videbat]

153 4559 194 4593 ra.
213 4559 363 4594 nrrscaann
381 4559 515 4595 orvscvu
532 4560 558 4594 v.
996 4540 1030 4590 22
