2992 5004
455 326 718 378 sunucsmosrs
741 327 946 376 parvumne.
1217 309 1283 376 305

133 471 272 537 diximus
295 495 334 538 ex
354 471 531 538 Germania
553 474 671 538 allatus
695 477 790 551 esset,
814 495 871 537 suo
891 473 959 537 iure
980 471 1139 558 Georgius
1158 472 1284 538 Merula

135 580 243 663 potuit
261 580 295 645 in
314 581 517 664 praefatione
537 583 613 647 anni
633 598 878 649 croccccnxxn
897 580 971 647 illas
991 581 1174 647 comoedias
1194 580 1283 667 ‘qua-

134 684 285 771 draginta
307 688 425 753 abhinc
450 691 544 755 annis
568 687 729 774 repertas’
754 689 872 771 dicere,
885 720 886 723 ¹
901 710 967 754 non
990 709 1106 754 curans
1129 690 1280 774 pauculo·

133 813 205 855 rum
224 815 382 861 annorum
401 795 584 862 discrimen.
618 797 671 862 Ab
691 797 752 862 hoc
771 800 881 861 autem
899 797 1087 861 testimonio
1102 797 1282 881 profectum

134 919 204 962 esse
219 899 444 969 Tflsnnscvu
462 905 662 970 Vuocsuvs
686 907 831 988 apparet,
855 905 911 988 qui
935 904 969 968 in
993 903 1195 988 praefatione
1219 905 1283 968 edi·

134 1004 234 1070 tionis
265 1008 450 1077 Parmensis
484 1035 511 1076 a.
540 1030 658 1079 crolox
692 1011 829 1075 emissae
862 1010 901 1074 de
930 1014 1077 1096 tempore
1108 1010 1282 1076 manifesto

134 1116 341 1181 consentiens
370 1117 454 1182 alius
483 1118 530 1183 rei
561 1119 753 1183 memoriam
776 1117 886 1202 paullo
910 1117 1152 1184 obscurioribus
1177 1119 1281 1183 verbis

135 1219 187 1283 his
206 1221 393 1288 admiscuit:
418 1223 461 1290 ‘si
477 1227 580 1291 codici
596 1247 667 1290 meo
682 1224 762 1289 fides
781 1223 964 1290 adhibenda
978 1224 1127 1290 Basileae
1141 1228 1282 1310 ascripto

136 1343 260 1392 nxxvn
289 1330 407 1396 abhinc
435 1353 534 1397 anuo:
572 1354 611 1397 ex
640 1354 678 1397 eo
712 1331 887 1416 exemplari
921 1353 937 1395 e
970 1353 1034 1415 quo
1066 1349 1116 1396 ΧΗ
1148 1331 1283 1397 ultimae
1331 1380 1337 1390 .

135 1436 319 1502 comoediae
347 1438 518 1504 Plautinae
551 1461 720 1505 emanasse
752 1438 924 1531 dicuntur?
970 1438 1007 1504 Id
1039 1462 1103 1524 quo
1136 1445 1282 1525 spectare

136 1541 292 1628 videatur,
309 1544 438 1628 planius
457 1566 495 1609 ex
516 1545 643 1610 Alberti
665 1546 704 1611 de
717 1546 791 1630 Eyb
806 1542 890 1631 (sive
904 1546 943 1610 de
957 1543 1098 1630 Eyben),
1118 1547 1282 1613 vernaculi

134 1647 331 1714 Bacchidum
364 1653 569 1737 interpretis,
600 1653 788 1718 narratione
816 1652 1017 1737 intellegitur
1045 1674 1073 1716 a.
1102 1669 1281 1720 cloloxvm

135 1754 255 1820 chartis
284 1759 476 1844 consignata
504 1780 542 1824 ac
569 1759 707 1826 fortasse
736 1768 815 1825 non
832 1747 974 1824 aliunde
989 1759 1054 1823 nisi
1082 1781 1120 1822 ex
1148 1758 1281 1844 Vgoleti

134 1862 336 1946 praefatione
364 1866 481 1950 petita:
510 1865 625 1931 ‘Diese
652 1866 797 1932 hernach
825 1867 935 1931 zwblff
959 1865 1192 1952 geschricbene
1219 1863 1279 1932 Co·
1294 1875 1371 1915 Μ’

135 1970 284 2036 moedien
308 1973 393 2037 seint
414 1973 510 2058 lange
539 1973 603 2037 zeit
630 1973 692 2037 wol
721 1973 782 2057 bey
805 1971 1027 2037 fiiuflhundert
1049 1971 1183 2057 Jahreu,
1207 1974 1284 2039 oder

134 2077 235 2157 mehr,
254 2079 425 2145 verlohren
445 2079 509 2144 und
524 2080 711 2165 'verborgen
730 2099 891 2163 gewescn:
910 2078 975 2143 und
994 2080 1130 2146 newlich
1149 2081 1183 2146 in
1202 2081 1282 2148 Con·

135 2184 211 2249 cilio
235 2208 272 2250 zu
292 2186 391 2251 Basel
415 2186 514 2251 wider
537 2186 701 2271 gefunden
720 2185 871 2252 worden!
908 2185 1077 2251 Ficticium
1097 2188 1158 2255 hoc
1177 2211 1282 2274 omne,

135 2312 331 2378 quamquam
358 2316 400 2359 ne
423 2291 606 2359 Niebuhrio
634 2293 763 2378 quidem
787 2292 903 2377 Opusc.
927 2293 943 2358 Ι
966 2318 996 2379 p.
1023 2295 1085 2360 163
1109 2297 1281 2382 quicquam

135 2399 325 2483 suspitionis
353 2425 502 2467 movens:
531 2403 643 2467 fictum
672 2405 780 2467 autem
811 2402 852 2466 ab
882 2402 943 2486 eis,
971 2402 1026 2486 qui
1050 2423 1122 2468 cum
1146 2406 1280 2489 quadra·

134 2506 293 2589 gesimum
322 2531 342 2573 a
369 2508 513 2574 Merulae
542 2509 744 2594 praefatione
773 2531 893 2574 annum
921 2509 1067 2574 viderent
1093 2511 1127 2575 in
1155 2512 1187 2577 id
1214 2513 1281 2578 fere

134 2615 262 2697 tempus
285 2615 435 2699 incidere,
459 2638 523 2700 quo
547 2616 720 2681 concilium
743 2615 932 2680 Basileense
955 2616 1106 2680 habitum
1129 2622 1215 2682 esset
1233 2623 1282 2683 tot

138 2721 280 2806 antiquis
310 2723 524 2807 scriptoribus
552 2723 692 2806 primum
715 2722 854 2806 repertis
879 2723 1020 2806 illustra,
1043 2722 1158 2787 horum
1182 2725 1281 2789 socie-

137 2829 205 2890 tate
229 2827 381 2894 Plautum
404 2851 532 2916 quoque
555 2834 588 2894 et
611 2829 701 2894 facili
725 2833 758 2893 et
780 2829 845 2894 levi
868 2830 1052 2895 coniectura
1075 2832 1282 2915 comprehen-

134 2933 254 3001 derent.
300 2935 506 3003 Confidenter
542 2938 629 3002 enirn
656 2937 799 3002 iudicare
827 2938 916 3020 licet,
944 2936 1029 3021 quod
1056 2960 1122 3004 non
1150 2962 1188 3005 ex
1218 2942 1282 3006 alio

135 3041 200 3106 nisi
219 3065 257 3106 ex
272 3042 451 3110 Vrsiniano
470 3045 614 3110 novicios
634 3044 736 3109 libros
756 3044 909 3109 oriundos
924 3066 995 3108 esse
1013 3045 1086 3129 ipsa
1104 3047 1282 3130 scripturae

135 3153 348 3236 congruentia
371 3153 500 3219 clamat.
546 3152 598 3217 lta
621 3152 705 3237 quod
731 3174 758 3216 v.
782 3152 825 3216 56
850 3153 883 3217 iu
907 3152 1044 3217 noviciis
1068 3154 1160 3219 libris
1185 3176 1282 3238 prave

134 3255 256 3341 legitur
278 3260 449 3340 mustias,
472 3259 504 3324 id
528 3259 600 3324 inde
624 3263 732 3324 crtum
756 3264 814 3338 est,
837 3259 921 3346 quod
942 3260 1081 3343 simplici
1099 3262 1233 3342 centius
1249 3263 1282 3325 in

135 3385 200 3428 unc
218 3362 253 3427 D
271 3366 525 3449 superscriptum
549 3370 600 3431 est
621 3369 666 3431 dc.
703 3366 755 3432 Ita
777 3371 946 3451 corruptae
970 3391 999 3433 v.
1018 3368 1083 3432 926
1104 3369 1282 3454 scripturae

136 3471 244 3552 locum
266 3492 303 3536 ca
319 3472 463 3556 presenti,
486 3473 611 3555 bonore
629 3476 658 3538 ci
674 3475 831 3556 praesenti
849 3475 1008 3558 originem
1028 3498 1045 3539 e
1064 3497 1099 3539 re
1117 3475 1284 3539 levissima

135 3577 196 3643 hac
224 3579 397 3664 duxerunt,
423 3581 508 3665 quod
537 3605 610 3648 cum
643 3583 752 3664 toqccar
778 3583 912 3665 copscnti
940 3584 991 3648 vel
1020 3584 1144 3666 loquum
1167 3584 1283 3663 absenti

135 3684 202 3750 BC
225 3685 382 3771 habeant,
410 3687 503 3752 exilis
535 3688 655 3754 lineola
685 3711 855 3774 perperam
885 3691 1023 3755 accessit
1053 3691 1085 3755 in
1116 3689 1151 3754 D
1173 3691 1282 3772 loquar·

134 3814 171 3857 ca
194 3793 306 3880 piscati,
334 3816 431 3878 quam
460 3795 539 3860 adeo
569 3797 710 3860 servavit
731 3797 772 3860 F.
817 3795 906 3862 ldem
929 3798 965 3861 F
984 3797 1069 3882 quod
1093 3820 1122 3861 v.
1146 3797 1211 3862 929
1234 3799 1281 3861 in·

134 3900 280 3982 scpceatcr
302 3902 442 3986 exhibet,
467 3902 569 3967 solam
593 3903 693 3968 habet
714 3903 800 3968 hanc
818 3926 975 3988 caussam,
998 3904 1082 3988 quod
1101 3906 1282 3988 proficisce-

136 4007 232 4071 batur
260 4031 279 4072 a
307 4008 425 4073 calami
454 4030 561 4073 errore
594 4032 657 4095 quo
689 4011 723 4073 in
752 4009 787 4074 D
814 4012 1008 4094 insepacnticr
1037 4012 1195 4095 scriptum
1223 4033 1282 4095 pro

135 4114 339 4196 insipccnttor.
385 4115 541 4181 Eiusdem
569 4117 692 4182 librarii
720 4137 827 4182 errore
856 4139 928 4182 cum
958 4142 986 4184 v.
1009 4118 1076 4183 450
1104 4120 1137 4182 in
1166 4116 1200 4181 D
1221 4118 1283 4198 sabi

134 4242 260 4286 acorem
283 4222 426 4306 positum
450 4225 536 4287 esset
558 4244 617 4307 pro
640 4243 766 4301 acorem
788 4223 855 4306 sibi,
877 4224 1029 4308 neglecta
1052 4246 1091 4288 ea
1108 4227 1196 4307 nota,
1219 4246 1283 4309 qua

136 4326 191 4391 ille
215 4350 356 4394 errorem
385 4329 454 4413 ipse
478 4330 684 4409 correxisset,
712 4351 831 4414 pravus
859 4331 937 4395 ordo
962 4333 996 4396 in
1019 4331 1121 4396 EFZ
1143 4331 1283 4395 transiit.

137 4431 324 4499 Consimilis
349 4436 442 4521 origo
466 4437 594 4501 horum:
618 4458 779 4518 rcuuquam
804 4461 830 4502 v.
854 4438 928 4521 336,
951 4458 1071 4527 qaroquc
1094 4440 1128 4503 in
1156 4439 1187 4503 Z
1207 4439 1283 4522 341,

206 4558 223 4591 B
250 4558 401 4594 nl'racrlsltu
422 4560 559 4594 OPVBL'VLA
579 4561 604 4594 V.
1033 4549 1068 4598 20
1342 4545 1344 4549 Ι
