2992 5004
469 340 735 410 annsomroms
758 361 968 409 rnnvmusn.
1226 340 1290 405 291

634 702 746 752 carvv
770 684 812 750 11.

235 827 329 892 Prius
353 832 463 892 autem
487 848 583 912 quam
612 827 653 891 ad
679 827 822 912 reliquos
846 827 972 892 codices
996 827 1139 893 breviter
1161 848 1292 911 percen-

146 934 262 1000 sendos
291 955 440 1020 pergam,
472 935 506 999 in
534 937 606 1019 ipsa
633 935 692 1000 illa
718 936 844 1021 tabula,
876 957 940 1020 qua
967 935 1227 1001 membranarum
1250 933 1292 997 ad

145 1041 370 1107 Trinummum
395 1042 611 1127 spectantium
635 1043 782 1109 ordinem
801 1042 967 1126 explicavi,
990 1043 1072 1107 mihi
1091 1042 1189 1108 etiam
1208 1062 1292 1107 com-

145 1149 338 1214 morandum
362 1172 432 1215 esse
456 1152 568 1217 sentio.
601 1150 672 1227 Qua
695 1151 775 1217 duce
793 1151 822 1216 si
841 1172 914 1216 cum
933 1149 1174 1233 deperditarum
1194 1171 1292 1213 mem-

145 1256 321 1321 branarum
344 1256 528 1322 intervallis
552 1279 607 1321 eas
630 1257 761 1322 fabulae
784 1262 909 1342 partes,
932 1279 1014 1343 quae
1037 1258 1123 1323 inter
1146 1260 1292 1321 servatas

146 1364 271 1429 mediae
295 1366 383 1447 sunt,
411 1363 602 1448 contuleris,
629 1364 725 1430 facile
747 1365 916 1451 intelleges
939 1365 1132 1450 quibusdam
1155 1364 1190 1428 in
1213 1364 1292 1429 locis

147 1471 315 1555 aliquanto
334 1471 427 1555 plura
441 1471 696 1538 Ambrosianum
714 1472 858 1538 codicem
877 1473 1076 1538 continuisse
1094 1493 1191 1556 quam
1210 1493 1292 1556 quae

145 1577 191 1643 ibi
220 1578 317 1643 hodie
345 1579 509 1664 leguntur:
541 1578 713 1666 intelleges
742 1583 850 1645 autem
878 1580 941 1644 boc
968 1583 1175 1665 argumento,
1207 1578 1292 1662 quod

149 1685 319 1751 universae
343 1686 412 1751 eius
431 1686 508 1751 libri
526 1687 724 1753 condicionis
744 1687 855 1753 eadem
875 1690 925 1752 est
948 1687 1162 1772 aequabilitas
1187 1690 1220 1750 et
1242 1708 1292 1751 ac·

149 1797 261 1858 curata
284 1793 500 1877 concinnitas,
528 1816 610 1879 quae
634 1795 767 1879 propria
790 1816 860 1859 esse
883 1799 952 1859 tam
975 1795 1183 1878 antiquorum
1206 1793 1292 1858 codi-

148 1921 220 1964 cum
244 1901 335 1965 solet.
367 1899 507 1966 Omnino
527 1901 613 1965 enim
632 1900 694 1964 etsi
714 1900 883 1966 Plautinas
906 1900 1035 1965 fabulas
1060 1899 1139 1965 satis
1163 1906 1293 1967 constat

147 2010 329 2092 temporum
357 2007 532 2092 iniquitate
561 2028 628 2072 non
651 2007 747 2072 modo
771 2007 908 2093 singulis
933 2029 1030 2091 saepe
1052 2007 1200 2072 versibus
1224 2030 1291 2074 cor-

147 2117 260 2197 ruptas
283 2114 406 2199 haberi,
430 2115 486 2180 sed
509 2115 639 2179 easdem
662 2115 761 2179 etiam
785 2115 921 2201 integris
944 2115 1092 2199 partibus
1111 2119 1292 2180 truncatas:

147 2223 256 2286 tamen
281 2221 342 2288 boc
365 2223 471 2307 ipsum
496 2242 599 2308 genus
619 2222 859 2307 depravationis
877 2223 976 2308 longe
993 2244 1091 2307 quam
1110 2223 1209 2308 vulgo
1229 2244 1293 2289 cre·

149 2326 237 2392 ditur
258 2329 356 2394 latius
380 2333 479 2414 patet.
511 2329 796 2416 Amphitruonem,
814 2329 1030 2413 Aululariam,
1052 2327 1215 2414 Casinam,
1240 2328 1293 2395 ci-

148 2436 339 2521 stellariam,
366 2436 559 2523 Bacchides,
588 2438 706 2523 quibus
730 2438 878 2503 addenda
902 2436 1047 2522 Stichus,
1070 2459 1165 2503 nemo
1188 2439 1291 2505 nescit
1305 2461 1363 2501 xrv

146 2541 193 2605 ita
211 2544 343 2608 mutilas
364 2566 443 2630 esse,
462 2549 499 2609 ut
517 2545 637 2632 integri
656 2545 708 2611 vel
727 2550 818 2611 actus
838 2546 888 2611 vel
908 2567 1043 2611 scaenae
1062 2545 1293 2629 interciderint,

147 2648 216 2713 sine
245 2651 362 2734 quibus
390 2673 431 2716 ne
455 2653 603 2739 intellegi
627 2652 757 2738 quidem
779 2675 865 2718 nunc
888 2653 1072 2740 argumenti
1095 2654 1293 2719 continuitas

148 2759 181 2819 et
212 2757 391 2842 complexio
424 2761 537 2843 possit.
587 2757 709 2825 Contra
740 2760 868 2847 integra
897 2766 1026 2845 praeter
1057 2764 1181 2825 ceteras
1213 2759 1293 2823 haec

146 2863 218 2948 ipsa
240 2864 355 2930 habita
378 2869 429 2930 est
451 2864 670 2951 Trinummus,
693 2889 710 2932 e
734 2890 798 2953 qua
820 2891 860 2933 ne
883 2890 966 2934 unus
991 2868 1120 2954 quidem
1144 2890 1163 2931 a
1186 2886 1293 2951 gram·

147 2971 275 3036 maticis
308 2972 487 3038 versiculus
524 2975 689 3059 profertur
726 2975 803 3060 quin
840 2976 874 3040 in
906 2998 945 3040 ea
976 2975 1073 3040 hodie
1104 2975 1293 3058 reperiatur.

147 3076 252 3153 Quam
279 3077 424 3144 fabulam
452 3081 514 3146 etsi
544 3082 643 3146 talem
674 3082 781 3167 qualis
805 3082 960 3185 vulgatur
987 3081 1134 3168 plerique
1156 3103 1222 3147 non
1244 3081 1293 3145 in-

147 3185 312 3250 commode
345 3187 578 3274 lectitavimus,
610 3192 722 3254 tamen
754 3189 811 3254 illa
839 3213 936 3275 quam
965 3189 1148 3276 significavi
1175 3189 1228 3253 via
1255 3209 1293 3253 ac

149 3292 276 3358 ratione
309 3292 524 3360 demonstrari
555 3299 665 3381 potest
697 3318 811 3380 reapse
842 3296 922 3361 satis
954 3297 1143 3362 lacunosum
1176 3293 1291 3378 esse.*)

147 3613 280 3698 Quodsi,
303 3636 400 3700 quam
418 3616 586 3681 commode
609 3617 657 3681 sic
679 3617 882 3684 instauratae
900 3616 1081 3683 Trinummi
1097 3622 1209 3710 partes
1227 3638 1293 3681 una
1307 3638 1386 3680 xxvr

148 3741 221 3785 cum
244 3721 339 3787 initio
359 3721 545 3787 Truculenti
569 3723 604 3786 in
628 3723 773 3809 singulas
797 3725 1002 3791 membranas
1025 3724 1184 3810 deperditi
1206 3746 1292 3789 nunc
1306 3746 1400 3786 xxvn

147 3827 293 3893 fasciculi
316 3827 440 3894 LVIIII
468 3828 639 3915 quadrent,
671 3835 839 3917 tamquam
867 3855 931 3897 uno
962 3833 1130 3899 oculorum
1158 3835 1293 3897 contutu

147 3936 329 4019 perspicere
352 3937 456 4020 voles,
478 3937 541 4003 hoc
564 3941 654 4004 utere
678 3940 764 4024 quod
786 3940 873 4005 infra
896 3941 1065 4025 posuimus
1089 3940 1243 4025 exemplo.

147 4115 360 4125 Μ

235 4217 261 4290 *)
288 4220 380 4291 [Quae
405 4220 452 4277 hic
478 4222 554 4292 (inde
582 4239 600 4277 a
624 4241 651 4293 p.
671 4222 735 4279 XIV
754 4223 826 4278 med.
853 4240 942 4293 usque
967 4225 1004 4280 ad
1023 4242 1049 4294 p.
1070 4223 1163 4278 XXVI
1180 4225 1238 4295 fin.)
1257 4224 1293 4280 de

147 4308 304 4363 Trinummi
331 4309 439 4366 lacunis
467 4312 636 4367 ltitschelius
665 4312 870 4383 disputaverat,
896 4329 931 4367 ca
957 4313 1059 4369 iterata
1087 4314 1117 4369 et
1141 4314 1237 4384 aliqua
1259 4331 1293 4370 ex
1355 4355 1362 4387 ,

147 4400 227 4541 perge
251 4402 406 4456 retractata
429 4403 494 4456 sunt
510 4402 540 4456 in
558 4401 646 4473 praef.
666 4400 709 4456 ed.
728 4401 778 4459 alt.
797 4420 824 4473 p.
844 4402 896 4457 XV
915 4403 987 4458 med.
1007 4420 1094 4473 usque
1114 4401 1195 4474 adp.
1215 4403 1294 4458 XXX

148 4502 193 4542 me
214 4488 233 4559 .]

1026 4580 1079 4637 19*
