2986 5010
241 314 307 379 392
534 329 793 378 raonuuomrus
818 329 864 375 uu
887 327 1094 376 sarromavs

242 473 315 539 dem
343 473 552 539 festinantius
580 472 813 538 consulendum
841 475 904 555 est,
931 492 1014 556 quae
1042 492 1115 536 cum
1142 471 1390 536 condicionibus
1412 454 1423 470 “

242 604 341 666 supra
363 580 531 665 explicatis
556 579 770 662 satisfaciant,
793 601 898 663 pauca
920 578 1062 644 habeant
1084 579 1136 643 vel
1159 578 1292 663 singula
1317 582 1389 642 tan-

241 691 311 753 tum
334 688 489 771 exempla.
534 684 698 770 Frequens
723 690 773 749 est
793 685 894 765 fores
916 685 1191 769 monosyllabum:
1214 684 1301 749 unde
1324 706 1392 750 non

240 798 369 860 tautum
390 786 479 876 f'oras
500 792 623 858 formae
646 791 735 856 Trin.
759 815 787 856 v.
806 792 872 856 276
891 795 1014 856 certum
1038 791 1237 876 praesidium
1258 796 1390 876 praesto

241 906 300 985 est,
329 903 520 986 praesertim
543 923 616 966 cum
639 903 768 985 praeter
794 899 860 963 alia
888 899 1034 984 exempla
1060 897 1232 965 inSticho
1261 921 1390 985 quoque

241 1008 351 1093 1V,2,
378 1010 416 1074 17
442 1008 502 1074 sit:

402 1114 486 1192 Quid
510 1113 619 1180 foras?
642 1113 744 1179 Foras
767 1112 876 1177 hercle
899 1135 1005 1178 uero.
1034 1165 1041 1177 .
1070 1165 1076 1177 .
1105 1164 1129 1197 .,

241 1225 276 1285 et
298 1222 333 1286 in
355 1221 501 1287 Poenulo
524 1220 564 1305 V,
588 1221 618 1305 5,
641 1222 676 1284 4:

402 1322 477 1430 ipse
501 1344 583 1411 abiit
605 1345 702 1429 foras,
725 1347 777 1409 me
800 1345 957 1429 reliquit.
986 1397 993 1410 .
1023 1398 1029 1410 .
1058 1369 1081 1410 .:

242 1468 297 1533 sed
320 1469 384 1534 nisi
414 1469 559 1534 fallimur
581 1471 680 1535 etiam
700 1460 807 1551 stram
828 1471 999 1535 vocabulo:
1027 1470 1113 1556 quod
1135 1472 1197 1536 etsi
1222 1493 1281 1536 nec
1311 1472 1389 1537 alibi

241 1577 369 1659 repperi
397 1598 456 1642 nec
482 1578 517 1642 in
545 1577 681 1642 senariis
709 1577 964 1662 septenariisque
992 1577 1088 1643 facile
1116 1579 1333 1643 concesserim
1356 1580 1389 1642 in

242 1706 340 1748 unam
368 1684 531 1768 syllabam
560 1688 762 1749 contractum
789 1680 881 1769 (nam
909 1684 1025 1749 Pseud.
1048 1682 1104 1768 IV,
1129 1686 1158 1768 7,
1184 1685 1389 1751 132t011en-

242 1790 318 1855 dum
340 1789 466 1878 buc*)),
493 1795 603 1855 tamen
633 1813 652 1854 a
679 1790 887 1856 liberioribus
915 1791 1035 1856 cantici
1062 1792 1204 1856 numeris
1228 1813 1296 1857 non
1320 1814 1389 1857 esse

242 1890 385 1963 alienum
417 1899 530 1982 putavi
557 1920 586 1963 v.
614 1897 745 1980 261.**)
797 1895 1041 1963 Dubitationem
1063 1920 1136 1990 non
1164 1899 1265 1965 hahet
1292 1902 1390 1965 ᾱεεεηι

242 1994 376 2072 crinas:
404 2027 463 2071 nec
490 2008 600 2069 tamen
623 2004 664 2069 ad
686 2005 799 2088 lariacus,
822 2004 907 2089 quod
931 2010 981 2069 est
1005 2006 1209 2090 amicando,
1234 2029 1388 2092 umquam

243 2134 281 2177 ea
304 2113 483 2178 contractio
501 2112 652 2178 traducta
671 2116 729 2197 est,
751 2133 810 2176 nec
830 2111 870 2176 ad
890 2113 1146 2195 comparativum
1165 2116 1279 2181 minas.
1318 2112 1389 2180 Ger·

244 2219 288 2283 tis
311 2218 514 2284 documentis
538 2221 668 2284 constat
697 2216 735 2282 de
757 2210 886 2284 siurul:
923 2219 1012 2309 cuius
1046 2220 1292 2287 similitudinem
1324 2244 1389 2295 nou

243 2326 376 2390 memini
398 2347 484 2390 nunc
506 2327 614 2391 seruet
637 2348 765 2411 quoque
793 2325 897 2411 sequi,
925 2348 1121 2412 quamquam
1144 2327 1178 2392 id
1203 2330 1230 2394 si
1253 2329 1291 2393 in
1315 2351 1390 2393 ana·

242 2431 394 2517 paesticis
421 2432 636 2497 octonariisue
664 2432 818 2497 offeratur
849 2434 999 2518 neglecta
1029 2436 1062 2499 vi
1094 2436 1269 2519 positionis
1300 2460 1390 2502 usur-

243 2545 372 2624 patum,
404 2561 471 2605 non
503 2539 564 2604 sim
596 2539 803 2604 dubitaturus
836 2540 983 2605 adhibita
1019 2543 1129 2625 potius
1162 2544 1390 2628 monosyllaba

242 2647 505 2731 pronuntiatione
537 2645 714 2711 defendere.
764 2644 915 2712 Ceterum
948 2648 1033 2732 quod
1066 2648 1242 2713 identidem
1275 2652 1388 2715 monui

243 2757 336 2819 caute
359 2757 392 2818 et
408 2734 645 2836 ‘circumspecte
669 2752 767 2816 etiam
790 2752 825 2816 in
848 2752 894 2816 eis
918 2753 1111 2818 versandum
1135 2775 1219 2839 esse,
1250 2755 1290 2821 de
1314 2778 1390 2840 quo·

245 2883 315 2925 rum
342 2862 469 2926 ratione
497 2860 649 2924 universa
678 2860 757 2923 satis
786 2863 926 2943 constet,
958 2860 990 2924 id
1018 2861 1120 2945 ipsius
1148 2863 1262 2927 simul
1289 2865 1389 2948 parti·

245 2968 334 3032 culae
363 2967 508 3051 exemplo
537 2966 746 3050 comprobare
774 2965 859 3030 licet.
905 2965 990 3030 Nam
1019 2965 1210 3034 Mercatoris
1238 2969 1287 3054 II,
1310 2972 1347 3055 4,
1372 2972 1389 3035 7

246 3097 318 3140 cum
341 3075 440 3159 vulgo
464 3076 509 3139 sic
531 3075 671 3159 legatur:

139 3213 234 3253 (mm
336 3181 424 3245 'fiius
447 3183 569 3247 amicus
594 3185 627 3247 et
650 3180 781 3264 sodalis,
804 3170 900 3247 simul
924 3184 1049 3249 uicinus
1072 3188 1263 3270 proxumus,

245 3288 461 3352 inveteratum
497 3289 613 3353 vitium
646 3287 881 3354 Ambrosianus
919 3291 1028 3374 prodit
1058 3297 1088 3357 et
1123 3296 1294 3375 praestans
1332 3318 1391 3379 pro

244 3395 346 3461 simul.
383 3393 451 3459 Nec
474 3395 548 3479 plue
571 3395 812 3479 probabilitatis
836 3395 955 3460 habere
979 3394 1083 3462 Stichi
1106 3397 1149 3482 H,
1171 3400 1201 3483 2,
1225 3401 1390 3467 23tra1a-

244 3503 356 3567 ticium
379 3493 531 3584 simulque
547 3501 753 3566 burdrcdincm
777 3501 890 3583 [sicin
909 3503 1062 3585 editione]
1083 3505 1272 3570 crediderim
1292 3528 1389 3590 quam

244 3608 328 3675 hano
350 3631 461 3674 versus
484 3609 623 3674 formam
646 3609 743 3694 longe
767 3609 1011 3693 elegantiorem:

333 3716 512 3781 Munditias
541 3716 615 3781 uolo
643 3713 725 3782 ficri.
753 3717 872 3783 ecferte
899 3718 962 3784 huc
989 3722 1118 3805 scopas:
1149 3719 1246 3784 simul
1270 3720 1390 3787 hardu·

1045 3826 1164 3910 dinem,

245 3932 504 3997 commendatam
520 3954 539 3996 a
553 3953 604 3997 mo
618 3931 724 3996 Musei
738 3931 851 4015 philol.
865 3931 912 3997 IV
927 3956 957 4017 p.
972 3934 1037 3999 575
1061 3936 1118 4015 [=
1133 3933 1249 4017 Opusc.
1264 3935 1346 4019 phil.
1360 3936 1392 3999 ll

245 4061 275 4122 p.
290 4039 379 4119 325].
416 4037 490 4104 Non
510 4040 615 4124 magis
635 4042 708 4103 tuto
727 4038 839 4103 licebit
856 4039 1008 4105 Pseuduli
1031 4063 1127 4105 versu
1151 4041 1199 4105 uti
1218 4040 1261 4124 II,
1283 4044 1310 4126 1,
1338 4045 1392 4108 14:

335 4267 361 4336 ⁸)
384 4268 428 4344 [Iu
446 4267 569 4323 editione
588 4266 759 4323 Bitscbelius
775 4266 950 4336 transposuit
967 4266 1063 4337 potius
1081 4268 1153 4336 bae]

318 4357 360 4425 **)
379 4358 422 4426 [lu
441 4356 483 4412 ad.
499 4357 548 4412 alt.
567 4356 696 4412 adhunc
715 4372 827 4410 versum
847 4372 876 4411 se
894 4372 951 4410 non
970 4355 1039 4411 satis
1058 4357 1133 4412 recte
1152 4355 1205 4410 boc
1219 4372 1311 4426 genus
1325 4359 1394 4416 defi-

129 4523 130 4527 *
246 4443 329 4498 niissa
347 4442 453 4499 fatetur
470 4443 649 4513 Bitschelius,
667 4447 760 4511 soram
778 4460 828 4514 pro
846 4443 1008 4514 pyrrhichio
1027 4460 1086 4500 csse
1104 4444 1294 4515 intellegens]
