2986 5010
245 348 310 419 450
532 373 795 424 euouaeouaua
818 375 865 422 ns
890 375 1099 424 ulammaus

336 519 407 594 Quo
431 521 537 584 cuncti
562 521 616 604 qui
640 526 781 586 aetatem
804 521 928 604 eperum
951 523 1038 586 caste
1062 544 1163 586 susm.

137 674 230 714 00111
246 659 367 725 Verum
391 661 558 728 fatendum
583 669 633 729 est
656 665 703 728 ite
726 669 931 749 comparatos
954 687 1020 729 non
1043 685 1121 748 esse,
1147 664 1202 747 qui
1226 668 1318 728 certa
1343 687 1398 728 ex-

244 769 352 853 empla
374 771 567 855 praebeant,
590 794 700 836 versus
723 795 789 837 nou
813 771 959 837 codicum
983 776 1111 836 tautum
1134 771 1196 834 fide
1220 770 1398 834 Plautino-

244 898 327 958 rum,
360 877 415 940 sed
450 878 657 962 antiquorum
691 881 884 944 auctoritate
917 879 1202 963 grammaticorum
1234 880 1398 943 firmatos.

243 981 424 1048 llliusmodi
449 985 574 1069 aliquot
597 985 762 1070 Parergou
787 1009 816 1069 p.
841 986 884 1049 22
908 985 1088 1069 composui:
1127 1007 1164 1049 ex
1187 984 1250 1048 hoc
1274 1007 1397 1070 genere

243 1090 307 1154 tria
321 1055 477 1156 l7arronis
502 1091 540 1155 de
564 1092 584 1158 l.
607 1093 663 1157 lat.
686 1093 875 1167 testimonia
898 1093 1047 1156 attulisse
1067 1093 1146 1157 satis
1169 1092 1276 1156 habeo
1302 1091 1394 1174 eVl,

244 1197 295 1261 ss.
320 1195 393 1282 vu,
414 1199 455 1263 rs
479 1205 513 1264 et
535 1199 574 1283 x,
595 1201 637 1264 ro
660 1199 762 1285 (uin.
788 1200 881 1283 sem:

332 1339 398 1404 Vbi
420 1340 563 1425 primum
588 1365 741 1407 accensus
764 1343 917 1407 chiucarcit
940 1343 1117 1408 meridiem.

251 1466 252 1474 ¹
332 1446 484 1512 Hectoris
507 1453 621 1512 natum
644 1450 684 1513 de'
702 1450 793 1514 muro‘
814 1450 972 1515 iactarier.

332 1553 532 1620 Oduoubium
564 1557 607 1620 sit
636 1557 741 1620 noctis
772 1558 962 1642 priusquam
993 1559 1033 1622 ad
1057 1559 1249 1641 postrenu'm
1277 1561 1392 1642 perue-

1096 1688 1191 1730 nerle.

242 1804 328 1870 Nam
360 1807 463 1872 altero
494 1829 588 1871 versu
619 1810 654 1871 de
676 1830 765 1872 erroro
795 1831 927 1892 prorsus
956 1813 1098 1893 aequant
1126 1808 1319 1873 molossum:
1357 1809 1392 1872 in

243 1914 392 1998 qualibus
413 1915 439 1978 si
460 1914 574 1999 quide
594 1916 766 1999 spondeo
786 1917 894 1999 potius
914 1915 1082 1980 dicendum
1102 1936 1171 1979 esse
1190 1915 1393 1980 contendant

243 2024 393 2104 quartum
422 2022 502 2105 pede
530 2026 722 2106 occupante,
755 2045 805 2086 res
830 2024 941 2087 eodem
966 2023 1050 2087 redit
1071 2023 1219 2105 idemque
1243 2023 1277 2084 in
1302 2021 1392 2086 hunc

242 2129 420 2211 spondeum
444 2124 554 2212 (quem
578 2151 644 2192 non
667 2134 778 2213 potest
799 2152 865 2194 non
884 2128 1109 2213 monosyllaba
1127 2134 1202 2211 post
1220 2149 1393 2193 caesuram

243 2235 355 2299 vocula
378 2234 581 2322 praecedere)
610 2237 695 2319 quod
719 2237 754 2300 iu
778 2237 957 2302 molossum
981 2236 1076 2301 cadit.
1121 2234 1252 2299 Tertius
1277 2239 1392 2299 autem

242 2363 352 2405 versus
377 2340 440 2404 etsi
465 2363 528 2405 non
553 2347 603 2406 est
622 2344 777 2426 senarius,
800 2348 1001 2408 tamencum
1022 2342 1156 2406 senariis
1176 2364 1248 2406 eam
1267 2341 1308 2404 de
1328 2363 1396 2425 qua

243 2448 371 2531 agimus
394 2448 556 2512 rationem
579 2450 734 2514 trochaici
759 2450 933 2535 septenarii
957 2472 1089 2534 prorsus
1108 2470 1317 2514 communem
1336 2447 1395 2511 ha-

242 2554 332 2618 bent:
365 2554 449 2639 quod
481 2554 610 2638 quidem
643 2579 681 2620 eo
712 2557 820 2620 miuus
850 2557 1036 2621 mirandum
1065 2560 1128 2639 est,
1161 2578 1225 2640 quo
1257 2555 1394 2639 saepius

242 2683 315 2726 cum
339 2661 460 2726 eisdem
485 2663 621 2726 senariis
646 2664 745 2726 etiam
770 2663 1024 2727 choriambicum
1047 2663 1080 2726 in
1103 2662 1214 2727 eodem
1234 2661 1309 2726 loco
1333 2685 1395 2726 nu-

242 2791 366 2833 merum
390 2770 596 2853 participant,
620 2774 656 2832 ut
674 2768 762 2833 Trin.
777 2770 851 2835 320.
874 2771 948 2834 334.
973 2771 1045 2834 717.
1069 2769 1143 2834 951.
1165 2770 1258 2833 1022.
1288 2770 1392 2834 1128:

330 2930 508 2996 Beuefacta
531 2931 712 2995 benefactis
736 2930 810 2994 aliis
830 2931 977 3012 pelteoito
1000 2952 1041 2994 ne
1064 2930 1244 3014 perpluant,

242 3097 274 3155 et
297 3092 344 3155 sie
367 3092 399 3156 in
423 3091 556 3174 reliquis
580 3091 697 3155 deliciis
715 3091 904 3174 disperdidit,
926 3091 1074 3174 Lysiteles
1091 3082 1142 3171 epo
1162 3094 1188 3152 te
1206 3090 1287 3167 uolo,
1311 3113 1391 3154 coere-

109 3201 115 3211 ’
241 3219 392 3262 memoras
415 3199 574 3280 epistulas,
604 3198 741 3278 ferriteri
763 3199 938 3280 orastiyc'oe,
967 3197 1107 3261 coos-utut
1128 3195 1276 3277 fideliter:
1309 3197 1391 3261 item

244 3303 358 3368 Bacch.
382 3306 424 3368 59
450 3305 530 3387 [90].
576 3304 691 3389 Itaque
715 3304 754 3369 de
771 3300 835 3368 ‘illo
860 3325 990 3388 genere,
1019 3303 1104 3387 quod
1127 3302 1313 3367 molossicis
1338 3327 1392 3367 vo·

242 3412 367 3477 cabulis
386 3413 677 3496 comprehenditur,
701 3412 747 3476 sio
766 3412 973 3476 statuendum
994 3414 1053 3494 est,
1075 3415 1112 3473 ut
1130 3431 1243 3492 reapse
1264 3409 1390 3493 aliquid

242 3520 444 3604 asperitatis,
468 3520 552 3604 quod
577 3542 642 3584 non
667 3519 828 3603 suaderet,
851 3518 906 3583 sed
931 3517 1132 3582 dissuaderet
1155 3517 1284 3580 aurium
1308 3516 1389 3581 iudi-

242 3627 325 3689 cium
350 3632 383 3691 et
407 3628 491 3692 ratio
515 3649 734 3709 numerorum,
758 3627 934 3710 patientius
958 3646 1054 3708 quam
1079 3647 1139 3707 par
1161 3628 1233 3688 erat
1256 3624 1388 3688 eosdem

148 3761 226 3800 ccxv
242 3736 356 3815 poetas
379 3733 493 3797 tulisse
516 3732 759 3818 intellegamus,
786 3753 923 3817 quorum
951 3733 984 3796 in
1011 3732 1144 3816 reliquis
1167 3731 1317 3814 partibus
1343 3753 1388 3794 se-

240 3840 407 3905 nariorum
436 3842 758 3925 septenariorumque
788 3841 1027 3905 condendorum
1054 3839 1233 3923 perfectam
1259 3840 1387 3923 elegan-

241 3948 320 4012 tiam
346 3948 550 4032 suspioimus.
596 3947 670 4012 Tali
693 3953 804 4013 tamen
827 3947 1036 4033 neglegentia
1059 3944 1150 4030 (uam
1172 3945 1319 4029 profecto
1343 3946 1387 4009 di-

241 4055 395 4140 ligentiae
418 4055 546 4119 laudem
566 4055 647 4119 illud
670 4078 736 4119 nou
759 4053 873 4139 habet)
897 4076 959 4138 quo
983 4052 1089 4137 magis
1113 4052 1216 4116 libera
1240 4075 1311 4117 esse
1335 4076 1388 4116 ars

241 4163 389 4226 universa
412 4162 542 4225 illorum
566 4165 736 4245 poetarum
760 4163 852 4246 solet,
875 4184 913 4227 eo
937 4184 996 4226 nos
1016 4160 1054 4226 de
1078 4159 1216 4244 singulis
1237 4161 1388 4243 suspitio·
1413 4173 1420 4183 “

241 4269 341 4334 siores
365 4292 435 4334 esse
459 4269 550 4333 decet
573 4273 606 4335 et
629 4270 798 4354 aliquanto
822 4270 946 4334 tardius
970 4268 1008 4332 de
1031 4271 1202 4351 poetarum
1225 4289 1324 4351 quam
1348 4267 1387 4330 de

240 4376 448 4440 librariorum
475 4376 553 4439 vitio
578 4376 733 4460 cogitare:
758 4375 789 4439 id
815 4377 899 4460 quod
924 4380 1010 4439 recte
1034 4376 1099 4438 iam
1124 4371 1292 4436 Bentleius
1317 4395 1389 4436 sen·

241 4483 285 4546 sit
317 4483 350 4545 in
384 4481 520 4566 Adelph.
548 4482 604 4563 IV,
634 4483 668 4561 2,
696 4484 747 4545 52.
797 4481 911 4566 Itaque
945 4483 1043 4545 etiam
1076 4482 1131 4564 qui
1163 4480 1388 4544 taeterrimum
