2986 5010
410 344 677 393 uuuuuamorus
702 343 908 391 puevmuaa.
1172 327 1237 392 399

88 487 283 554 credendum
320 491 385 573 est,
426 509 507 572 quae
544 510 617 554 cum
654 488 796 574 reliquas
834 486 1038 554 condiciones
1076 488 1238 553 admissae

86 594 270 679 ecthlipsis,
299 596 365 662 sive
394 618 574 682 syncopam
602 597 707 662 dicere
736 596 852 680 males,
886 618 998 662 omnes
1026 596 1178 680 expleant
1205 599 1237 660 et

88 727 155 769 una
177 707 307 770 tantum
331 726 370 769 ex
393 708 486 789 parte
507 728 526 770 a
544 704 762 770 consimilium
782 703 937 769 socictate
958 703 1119 787 recedant,
1141 703 1237 768 facile
1367 745 1369 748 -

86 815 263 895 potuerunt
299 811 371 894 ipso
406 810 578 876 cottidiani
613 810 773 876 sermonis
803 832 864 875 usu
897 814 930 875 et
961 810 1142 876 incredibili
1174 810 1237 876 fre·

88 919 220 1004 quentia
239 919 273 982 in
292 917 478 983 breviorum
500 919 619 1001 qa'dem
642 919 716 1002 cp’d
737 918 916 984 formarum
936 919 1076 1004 speciem
1095 940 1238 1002 pronun·

87 1025 201 1090 tiando
229 1024 340 1090 deteri.
387 1023 479 1101 Quod
508 1025 606 1089 simul
635 1028 732 1109 atque
760 1024 963 1090 intellectum
991 1029 1055 1109 est,
1084 1046 1151 1089 non
1180 1025 1237 1089 ali·

88 1132 317 1217 quammultos,
340 1130 396 1196 sed
420 1136 572 1197 centenos
596 1132 742 1197 senarios
766 1133 1041 1218 septenariosquc‚
1063 1133 1235 1218 inquibus

88 1242 184 1303 tanta
207 1257 345 1323 regnare
368 1239 532 1321 elegantia
545 1259 764 1307 numerorum
787 1238 883 1321 solet,
912 1261 931 1303 a
958 1239 1125 1324 neglectae
1153 1239 1238 1323 posi·

90 1345 189 1411 tionis
214 1345 367 1410 scabritie
390 1349 546 1430 purgatos
570 1344 686 1410 habes:
716 1346 842 1431 aliquot
870 1367 981 1411 versus
1006 1347 1103 1411 etiam
1128 1369 1148 1411 a
1170 1368 1238 1412 cor-

91 1453 239 1536 ruptelae
272 1452 453 1537 suspitione
484 1449 680 1536 vindicatos,
714 1456 750 1517 ut
780 1451 868 1518 Trin.
896 1452 948 1518 58.
999 1451 1124 1537 Quippe
1154 1452 1238 1518 nihil

90 1560 261 1646 quicquam
289 1559 514 1644 impedimenti
542 1581 613 1625 esse
641 1564 783 1644 constat,
811 1560 999 1646 quominus,
1027 1582 1109 1644 quae
1133 1560 1238 1645 syni-

89 1666 169 1732 aesi
199 1666 313 1731 binae
345 1665 522 1750 syllabae
552 1666 590 1729 in
621 1688 732 1731 unam
763 1672 914 1752 coeunt,
946 1669 1033 1731 ante
1063 1667 1239 1732 vocalem

90 1773 244 1838 elidant
229 1776 291 1838 tur
313 1772 394 1838 delit
380 1775 567 1858 tescantque
591 1772 831 1856 pronuntiando
855 1796 988 1859 prorsus
1012 1772 1053 1837 ad
1077 1773 1238 1838 rationem

90 1879 288 1964 simplicium
307 1879 469 1945 vocalium
488 1880 539 1944 vel
558 1878 652 1963 dipht
652 1878 846 1965 hongorum.
880 1879 1187 1958 Quemadmodum
1177 1880 1237 1964 rgi-
1253 1902 1326 1944 cmv

93 1992 147 2052 tur
175 1988 213 2051 fit
239 1993 277 2052 ut
305 2009 364 2071 pro
392 1986 484 2052 nulla
512 1986 639 2071 syllaba
667 1987 929 2072 monosyllabum
951 1989 997 2051 rei
1020 1985 1064 2051 sit
1086 1987 1122 2051 in
1145 1986 1241 2050 circi

90 2096 215 2178 όρθναιιιι
248 2117 277 2159 v
309 2095 381 2173 119,
410 2096 438 2159 ei
467 2095 513 2158 rei
542 2093 724 2178 ciryuordate
754 2094 834 2178 522,
872 2085 900 2158 bi
935 2095 982 2158 rei
1012 2092 1137 2176 opcrdm
1174 2093 1239 2159 865

92 2197 331 2287 (quamquam
322 2223 355 2264 ιιι
373 2200 426 2266 bis
445 2203 555 2285 potest
574 2223 653 2266 sane
674 2222 708 2265 re
726 2201 828 2285 script
830 2224 883 2267 um
904 2200 1004 2266 fuisse
1024 2201 1078 2283 [cf.
1091 2224 1122 2285 p.
1136 2199 1240 2285 345]),

91 2309 141 2373 vel
165 2329 198 2373 eo
220 2307 255 2371 in
276 2307 340 2372 ada
362 2328 395 2371 eo
416 2306 490 2372 baec
511 2309 579 2373 dico
602 2308 681 2392 341,
704 2307 837 2373 maiae
860 2327 893 2373 co
916 2308 1029 2373 uacca
1052 2306 1163 2392 8525,
1186 2308 1240 2373 cle-

90 2415 219 2480 mentem
248 2436 281 2479 co
309 2414 409 2496 usquc
436 2416 525 2480 modo
553 2415 627 2500 827,
654 2417 683 2480 ci
709 2416 744 2480 in
772 2416 900 2482 tobrdrc
927 2418 955 2481 ci
981 2418 1138 2500 eyestetem
1165 2416 1241 2494 338,

91 2543 157 2588 meo
184 2522 218 2586 in
245 2521 410 2604 adpuldbe's
436 2542 501 2587 awo
528 2522 683 2588 debitam
706 2523 781 2602 990,
809 2528 896 2589 tuum
924 2525 957 2588 in
980 2525 1131 2589 indicium
1154 2528 1241 2586 turem

64 2625 231 2695 'emeda
258 2628 325 2693 675
353 2629 505 2709 [ioccadrb
531 2630 672 2695 incendes
699 2626 836 2713 Trin.¹],
866 2650 958 2696 sama
984 2631 1019 2695 in
1048 2630 1241 2712 despondisse

92 2759 183 2804 emm
206 2739 241 2801 r'n
266 2736 360 2814 1133,
387 2736 438 2817 fui
461 2737 496 2801 in
518 2738 613 2802 codsa
633 2737 684 2818 sui
706 2735 764 2801 bdc
788 2737 888 2802 1090:
917 2738 966 2802 ita
988 2736 1072 2802 nihil
1094 2736 1240 2820 profecto

93 2844 281 2933 offensionis
310 2843 429 2909 habere
457 2844 650 2909 delitescens
677 2845 800 2926 quidem
823 2844 875 2909 uel
899 2844 979 2908 alibi
1003 2866 1069 2909 non
1091 2865 1165 2908 raro
1189 2841 1240 2907 vel

95 2951 184 3017 Trin.
207 2974 237 3017 v.
261 2951 303 3017 58
327 2954 449 3035 potest:

204 3074 291 3140 Dum
314 3074 444 3160 quidem
467 3074 575 3139 hercle
600 3073 701 3157 [Dum
724 3076 846 3158 paridem
868 3074 966 3140 hercle
988 3071 1108 3156 Trin.²]
1131 3078 1240 3139 tecum

679 3187 784 3267 nupta
808 3183 861 3267 sit,
884 3184 963 3248 sane
985 3180 1150 3267 uelim.**)

96 3327 300 3413 Quamquam
320 3326 435 3391 modus
458 3325 492 3390 in
515 3326 566 3391 bis
589 3324 749 3391 tenendus
773 3328 835 3390 est:
858 3326 988 3409 ineptus
1012 3324 1056 3389 sit
1078 3324 1163 3388 enim
1187 3324 1241 3409 qui

94 3457 207 3500 versus
231 3433 295 3499 559
320 3433 513 3518 principium
532 3433 625 3498 Mac
646 3433 768 3515 quidem
785 3431 881 3498 hereb
899 3431 959 3497 tali
978 3431 1115 3495 artificio
1134 3429 1242 3495 defen·

95 3562 169 3607 sum
193 3543 259 3623 eat,
288 3545 326 3605 ut
353 3541 420 3604 sive
448 3545 660 3625 anapaestum
689 3541 756 3605 sive
785 3539 963 3624 spondeum
992 3536 1074 3608 effic·
1101 3556 1186 3602 mess
1210 3540 1242 3602 et

95 3648 150 3713 ber
173 3647 306 3733 syllabis
326 3647 420 3732 dicat,
442 3648 526 3713 inter
544 3671 623 3733 quas
642 3649 765 3731 quedem
783 3647 962 3712 delitescat.
994 3642 1057 3709 Sed
1076 3643 1115 3709 de
1134 3666 1162 3709 v.
1177 3643 1241 3708 806

185 3895 212 3965 ⁴¹)
232 3894 284 3964 [Cf.
304 3894 405 3967 Opuac.
424 3895 493 3965 phil
512 3894 551 3949 IV
569 3912 596 3964 p.
617 3894 690 3966 772]

169 3983 211 4052 *·)
231 3983 285 4054 [Ex
309 3983 483 4039 Addendis
501 4002 528 4053 p.
548 3997 703 4038 cccxxvn:
732 3983 776 4053 ‘p
799 3996 870 4037 cmv
893 3982 1022 4038 defensae
1046 3983 1111 4036 dam
1134 3981 1242 4049 quidem

98 4072 302 4144 particularum
325 4089 471 4129 mensurae
493 4075 606 4142 praeter
628 4071 686 4129 alia
708 4073 779 4127 haee
802 4072 1015 4143 patrocinantur
1036 4068 1137 4125 Bacch.
1156 4068 1196 4138 11,
1215 4075 1241 4138 2,

97 4167 140 4218 aa
159 4161 194 4231 ιι,
213 4169 238 4231 a,
259 4169 323 4218 raa:

207 4268 281 4323 Dum
300 4269 412 4338 quidem
430 4269 485 4323 hdo
503 4267 612 4324 ualebit
629 4269 727 4338 pectus
745 4266 863 4339 perfidia
881 4284 986 4323 meum:

206 4357 235 4411 Si
255 4357 368 4427 quidem
386 4358 433 4413 hic
452 4357 593 4430 relinquet
610 4358 700 4427 neque
719 4371 815 4411 secum
833 4355 955 4411 abducet
972 4371 1068 4411 senex:

99 4481 218 4535 quorum
237 4466 335 4522 neutro
354 4465 448 4521 deleto
466 4465 629 4536 pronomine
647 4482 717 4537 opus
736 4464 832 4537 erat']
