2992 5004
432 356 700 407 uuunnsrrorus
725 329 933 407 cnnvrrnsu.

112 499 312 582 optimorum
337 499 493 565 librorum
517 502 705 567 testimonia
728 499 931 566 Curculionis
955 502 980 583 I,
1006 505 1033 586 1,
1056 504 1092 566 4:

270 641 312 707 Si
335 643 442 706 media
464 665 529 707 nox
553 648 604 708 est
626 645 743 709 siucst
765 645 871 729 prima
894 667 1045 729 uespera:

112 785 308 869 optimorum
332 807 404 850 curn
427 785 646 851 Ambrosiano
671 785 774 851 Stichi
797 787 857 872 ΙΙΙ,
884 790 911 871 1,
936 789 991 853 18:

269 927 344 1011 Flre,
365 929 400 993 si
423 949 483 1012 ego
507 932 633 994 taceam
655 931 737 994 siue
758 929 881 1014 loquar,
906 930 973 995 scio
989 930 1079 1004 „scire
1102 937 1144 1017 te,

109 1069 174 1132 nisi
198 1069 283 1153 quod
306 1092 365 1153 pro
388 1072 454 1135 siue
476 1075 623 1155 praestat
644 1092 698 1137 sca
722 1073 863 1137 scribere
887 1095 960 1136 cum
978 1073 1146 1140 Palatinis.
1181 1075 1253 1152 Qui·

109 1176 169 1240 bus
200 1175 328 1260 quidem
357 1178 512 1261 exemplis
540 1179 605 1243 iam
634 1178 834 1263 praesidium
863 1184 1013 1264 paratum
1037 1185 1088 1246 est
1111 1180 1252 1245 eiusdem

110 1282 185 1347 libri
219 1283 257 1356 in,
282 1281 466 1348 Trinummi
500 1307 593 1349 versu
620 1287 681 1350 183
715 1277 890 1351 memoriae
922 1305 954 1352 sl
980 1324 1018 1333 —
1045 1305 1124 1372 sco,
1157 1311 1252 1373 quarn

108 1412 180 1454 cum
204 1389 382 1455 tribuerem
405 1390 531 1456 librarii
553 1392 705 1476 incuriae,
729 1393 894 1458 immerito
917 1394 1062 1480 neglexi
1097 1393 1253 1478 Suscepto

109 1502 218 1562 autem
240 1499 270 1563 si
292 1521 352 1583 pro
375 1501 441 1564 siue
464 1520 536 1563 cum
559 1500 593 1565 in
617 1501 674 1564 illo
699 1523 806 1584 versu,
835 1501 964 1586 qualem
987 1502 1253 1568 conformandum

105 1603 194 1688 duri,
227 1627 293 1669 una
327 1605 456 1689 syllaba
487 1606 701 1692 desideretur,
734 1608 846 1674 durior
878 1613 986 1674 autem
1019 1632 1078 1694 pro
1102 1609 1253 1675 Plautina

105 1711 315 1796 simplicitate
337 1712 419 1777 haec
443 1713 486 1776 sit
505 1713 677 1779 verborum
701 1716 874 1781 collocatio
897 1715 986 1779 Haec
1007 1717 1036 1780 si
1058 1721 1145 1780 sant
1166 1722 1251 1795 recto,
1265 1739 1390 1780 cxxxvr

103 1840 157 1884 seu
175 1841 323 1902 perarma
343 1822 447 1902 sacta
469 1827 573 1885 suat:
596 1845 662 1886 uon
687 1822 791 1908 magis
816 1828 924 1887 autem
948 1823 1131 1887 tolerabilis
1156 1847 1252 1887 enun-

105 1928 280 1992 tiationum
308 1928 398 1993 nullo
429 1928 558 1994 vinculo
585 1950 742 1994 noxarum
770 1930 895 2012 hiatus,
929 1931 955 1994 si
980 1936 1124 2012 servato,
1156 1953 1251 2016 quem

105 2034 180 2100 libri
203 2035 383 2121 prodidere,
406 2036 578 2101 verborum
601 2037 691 2103 Haec
712 2036 933 2120 salutamen)
954 2043 1031 2104 recte
1054 2037 1166 2103 ordine
1189 2037 1250 2105 hos

104 2227 197 2282 locum
215 2227 328 2285 habent.
356 2229 412 2284 Sed
430 2230 556 2285 eiusdem
574 2247 692 2285 scaenae
711 2250 736 2284 v.
748 2236 782 2285 st
802 2231 995 2287 oblitteratum
1014 2232 1100 2302 vulgo
1119 2232 1251 2301 loquendi

103 2334 191 2387 genus
210 2333 245 2371 ax
262 2318 344 2373 ABG
360 2319 401 2373 sic
419 2336 596 2386 revocamus:

265 2425 294 2479 Si
314 2427 414 2480 canum
433 2428 482 2481 seu
501 2426 573 2482 istuc
592 2427 736 2482 rutilumst
755 2426 815 2483 siue
834 2430 967 2498 atrrimst,
986 2447 1062 2484 amo:

104 2532 152 2587 ubi
171 2534 311 2588 rutilaverat
334 2550 385 2603 pro
404 2535 519 2589 rutilum
537 2535 565 2588 A
584 2534 720 2604 servavit,
748 2537 907 2606 correptum
927 2541 1021 2592 autem
1040 2539 1104 2592 ante
1123 2537 1250 2591 vocalem

102 2638 149 2675 seu
166 2622 261 2677 nescio
280 2640 316 2676 an
334 2640 390 2677 non
410 2623 447 2678 sit
465 2623 682 2680 sollicitandum.
715 2624 830 2692 Alioqui
847 2624 952 2678 licebat
970 2627 995 2680 ai
1013 2626 1180 2681 substituere
1200 2626 1251 2698 [sei

102 2710 132 2763 in
150 2711 193 2765 ed.
213 2712 272 2780 alt,
290 2712 326 2767 cl.
346 2712 447 2781 Opnsc.
467 2713 535 2782 phil.
555 2713 582 2767 ΙΙ
601 2732 626 2782 p.
642 2713 720 2785 631]:
740 2730 808 2781 quas
827 2713 901 2767 enim
920 2713 973 2768 boc
991 2731 1079 2783 genus
1098 2715 1249 2770 varietates

103 2799 237 2856 admittat
256 2801 303 2873 [ci.
322 2820 349 2873 p.
369 2816 480 2868 oxxr113
500 2801 578 2856 Cura.
594 2803 614 2870 1,
635 2809 659 2870 1,
679 2803 717 2873 5]‚
737 2803 836 2858 docere
856 2803 1068 2872 Amphitruonis
1087 2812 1183 2858 versus
1202 2804 1249 2873 IV,

103 2895 133 2957 3,
155 2895 186 2943 15
197 2907 237 2958 sq.
256 2893 388 2960 possunt,
407 2891 447 2946 sic
466 2890 521 2946 nisi
539 2889 622 2946 fallor
640 2891 818 2946 restituendi:

211 2997 290 3052 Siue
309 2997 449 3065 ancillam,
467 3000 541 3052 siue
559 3013 683 3065 seruam,
701 3000 732 3052 ai
749 3000 873 3068 uxorem,
891 3000 922 3053 si
939 2999 1106 3066 adulterum,

210 3087 250 3141 st
265 3089 388 3156 patrem,
407 3089 438 3142 si
455 3091 539 3142 auom
558 3086 668 3153 uidebo,
690 3105 753 3142 eum
772 3081 945 3144 dbtruncsbo
964 3088 993 3142 in
1012 3089 1140 3144 aedibus:

102 3194 152 3249 ubi
168 3197 196 3260 se
214 3196 369 3250 adeluiam
392 3195 451 3265 ipse
470 3196 498 3249 B
516 3198 602 3251 tenet.
640 3197 710 3252 Vtor
728 3197 782 3251 hac
801 3196 957 3264 occasione,
976 3200 1008 3252 ut
1026 3197 1112 3252 etiam
1132 3197 1166 3253 de
1185 3216 1247 3269 pro-

102 3283 160 3354 logi
184 3284 309 3338 versibus
333 3283 390 3339 illis
409 3291 443 3338 69
454 3303 513 3354 sqq.
533 3284 655 3340 breviter
674 3301 765 3339 meam
785 3286 953 3339 sententiam
972 3286 1136 3356 significem.
1174 3286 1248 3354 Quo-

102 3392 163 3428 rum
183 3369 418 3429 constructionem
443 3373 483 3430 sic
506 3374 580 3429 inter
603 3392 634 3429 se
653 3374 792 3430 distinctis
810 3375 1018 3429 enuntiatorum
1037 3377 1169 3431 membris
1187 3378 1247 3446 pla-

102 3479 167 3517 nam
187 3462 317 3517 facimus:

262 3568 336 3624 Nam
355 3573 379 3623 si
398 3571 445 3639 qni
465 3571 613 3626 ambissint
630 3572 753 3641 palmam
771 3569 818 3625 hic
837 3569 1033 3626 histriombns:
1056 3604 1086 3611 -

263 3659 300 3713 si
319 3663 469 3728 quoiquam
489 3660 591 3716 artifici
610 3663 660 3716 seri
677 3676 728 3731 per
746 3659 865 3729 scriptas
883 3659 994 3714 litteras

263 3748 318 3803 Seu
337 3749 385 3816 qni
403 3752 462 3818 ipse
481 3750 609 3804 ambissit
627 3753 676 3804 seu
694 3767 745 3820 per
762 3749 979 3804 internuntium:

263 3838 343 3892 Siue
361 3838 432 3895 adeo
451 3838 557 3894 aediles
576 3838 723 3908 perfidiose
743 3840 809 3907 quai
827 3838 920 3892 duint:
941 3869 973 3877 -

262 3925 404 3995 Sirempse
422 3926 514 3996 legem
534 3926 616 3980 iussit
634 3945 694 3981 esse
712 3926 845 3997 Iuppiter.

102 4034 156 4105 [lix
183 4032 358 4087 Addendis
385 4051 412 4102 p.
431 4045 560 4086 ocoxxrv
572 4049 625 4100 svp:
660 4033 702 4101 ‘p
722 4047 838 4086 mxxxiv
851 4051 890 4100 sq.
918 4033 1012 4087 nescio
1032 4034 1171 4101 quomodo
1190 4053 1246 4090 mc·

101 4124 220 4180 moriam
241 4138 335 4177 meam
358 4121 433 4192 sugit
455 4121 566 4176 Bentlei
588 4122 618 4175 in
636 4121 721 4175 Andr.
740 4122 766 4189 l,
785 4127 815 4190 3,
837 4128 868 4175 11
889 4122 1048 4191 annotatio,
1076 4139 1133 4191 qua
1151 4124 1246 4192 exqui-

104 4213 230 4268 sitiorem
248 4212 327 4266 illurn
347 4212 467 4266 ai-eiae
485 4209 686 4280 particularum
701 4227 781 4263 usum
796 4209 904 4279 pridem
917 4210 1072 4265 rectissime
1087 4212 1245 4281 explicavit.

102 4301 164 4356 Nisi
187 4301 260 4369 quod
285 4301 400 4370 reliquis
417 4300 553 4372 exemplis
571 4316 717 4369 perperam
737 4298 870 4354 Pseudnli
890 4299 913 4363 Ι,
933 4305 962 4365 5,
983 4305 1033 4353 129
1054 4315 1163 4354 versum
1182 4301 1246 4367 mis-

102 4391 168 4458 cuit,
187 4389 235 4443 ubi
253 4391 279 4444 si
295 4389 326 4443 in
343 4391 369 4444 si
386 4406 480 4444 winus
497 4389 631 4457 compacti
649 4387 763 4442 minime
780 4391 876 4457 potest
894 4389 1017 4458 prosius
1030 4389 1141 4460 accipi'
1166 4389 1246 4445 Adde

101 4477 275 4547 Madvigium
295 4478 331 4532 ad
350 4478 406 4535 Cic.
426 4479 524 4534 defin.
544 4480 566 4548 I,
585 4486 611 4547 6,
629 4479 685 4549 aa]
