2986 5010
243 332 308 394 472
533 345 794 395 raouasouaua
820 347 866 391 ns
889 345 1099 394 nnrionravs

243 489 376 554 Talibus
405 490 506 575 igitur
534 490 709 555 cavendum
738 493 850 554 estne
874 489 914 555 ad
938 488 1132 553 severiorem
1157 493 1313 555 accentus
1337 491 1397 555 ob·

243 597 469 679 servationem,
493 619 587 681 quam
613 597 794 681 quaeipsis
815 597 921 681 poetis
939 597 1072 681 placuit,
1094 619 1246 681 umquam
1267 580 1397 663 exactis

244 703 282 767 de
310 704 563 788 transpositione
593 704 726 768 calidius
758 726 854 788 quam
882 704 1018 786 peritius
1048 704 1180 789 cogites.
1228 699 1397 788 Ceterum,

243 833 283 876 ne
307 811 368 876 hoc
392 809 666 895 praetermittam,
697 832 717 874 a
740 810 939 875 senariorum
962 811 1057 875 initio
1082 811 1122 875 ad
1147 833 1235 896 enm,
1264 812 1321 896 qni
1346 812 1396 876 illi

243 917 430 1000 respondet,
455 917 713 1000 septenariornm
736 917 843 982 locum
865 940 931 982 non
955 918 1051 983 modo
1074 917 1313 983 trochaicamm
1339 913 1396 984 vo-

245 1046 318 1088 cum
341 1027 527 1108 oxytonesis
551 1026 672 1089 tralata
696 1027 755 1107 est,
779 1025 817 1088 de
842 1048 906 1109 qua
925 1048 1023 1109 snpra
1042 1024 1123 1090 satis
1143 1025 1395 1116 disputavimus,

245 1129 301 1194 sed
331 1131 414 1195 raris
445 1132 600 1216 exemplis
632 1130 729 1195 etiam
764 1131 994 1214 dactylicarum
1026 1131 1284 1215 paroxytonesis.
1332 1131 1395 1198 cui

245 1237 514 1321 quemadmodum
539 1238 633 1303 elisio
657 1260 721 1301 non
746 1238 877 1302 obstitit
899 1239 932 1301 in
956 1239 1014 1302 illo
1038 1240 1183 1322 exemplo

334 1379 528 1445 Bacchidem.
553 1380 712 1445 Vtrumne
736 1384 814 1465 ergo
886 1432 1291 1446 .......

1310 1435 1319 1467 7

246 1523 294 1587 ita
316 1522 400 1587 nihil
423 1523 571 1608 impediit
594 1523 765 1607 quominus
789 1548 818 1607 p.
828 1542 959 1589 cxnvm
978 1525 1071 1605 [394]
1090 1523 1302 1609 Captivorum
1322 1548 1395 1590 ver·

246 1651 317 1695 sum
343 1631 383 1695 ab
407 1631 458 1696 his
482 1630 588 1696 verbis
612 1630 805 1695 ordiremur:

335 1772 403 1837 Ten
427 1795 527 1858 negas
548 1770 553 1856 l
576 1773 758 1855 Tyndarum
780 1776 877 1838 esse?
924 1773 1017 1859 Nego
1042 1795 1102 1860 ego
1156 1827 1162 1837 .
1223 1826 1228 1837 .
1290 1826 1296 1840 .

154 1937 232 1978 ccxc
335 1915 441 1980 Multo
474 1919 582 1980 autem
615 1915 719 1980 maior
750 1916 883 1980 libertas
915 1938 987 1980 eum
1019 1917 1082 2001 ipsi
1112 1917 1270 2001 cretico,
1302 1919 1395 1983 cuius

246 2045 318 2086 cum
343 2023 470 2087 senario
494 2023 722 2088 coniunctione
747 2022 950 2106 septenarius
974 2023 1133 2107 nascitur,
1156 2023 1396 2108 concederetur,

246 2130 349 2194 mixta
372 2130 467 2194 huius
491 2129 594 2212 partis
618 2130 743 2193 eteius
768 2152 849 2215 quae
873 2152 945 2194 eam
970 2129 1089 2214 excipit
1106 2130 1238 2194 licentia
1256 2130 1395 2195 incredi-

246 2237 321 2301 bilis
345 2241 418 2301 orta
441 2240 491 2300 est
513 2256 722 2301 numerorum
742 2238 891 2320 varietas,
914 2238 1041 2321 qualem
1061 2237 1114 2301 vix
1133 2236 1234 2301 ullum
1254 2240 1396 2302 metrum

247 2364 323 2426 prae
355 2364 388 2406 se
418 2342 490 2407 fert.
536 2341 604 2407 Nec
639 2344 754 2409 mirum
786 2343 1042 2428 septenariorum
1070 2344 1111 2408 ab
1140 2344 1235 2408 initio
1259 2343 1398 2409 licentia

248 2448 387 2512 multum
412 2449 611 2514 senariorum
635 2451 799 2515 licentiam
820 2451 975 2534 superari,
999 2473 1081 2534 cum,
1105 2474 1169 2535 quo
1188 2451 1242 2535 qui
1262 2450 1398 2535 longior

248 2576 361 2618 versus
384 2561 444 2639 est,
467 2578 505 2619 eo
528 2558 601 2640 plns
626 2557 725 2641 spatii
751 2561 784 2620 et
806 2558 916 2641 copiae
937 2580 1125 2622 concessum
1145 2558 1188 2621 sit
1206 2557 1246 2621 ad
1264 2558 1398 2643 neglec-

248 2664 301 2724 tae
326 2662 407 2727 artis
432 2664 643 2729 offensionem
667 2687 778 2729 rursus
803 2665 1039 2729 obscurandam
1063 2669 1096 2728 et
1118 2668 1285 2749 tamquam
1311 2686 1399 2730 com·

248 2769 460 2852 pensandam:
494 2793 570 2834 nam
600 2770 680 2835 haec
710 2793 787 2835 vera
817 2793 932 2835 caussa
962 2775 1012 2835 est
1042 2794 1099 2835 cur
1126 2772 1198 2856 plus
1228 2770 1269 2835 ab
1299 2771 1398 2836 initio

249 2896 346 2958 quam
370 2878 420 2940 vel
444 2877 478 2941 in
502 2877 607 2942 medio
631 2877 681 2942 vel
706 2879 739 2941 in
763 2881 908 2942 extremo
932 2901 1026 2943 versu
1048 2879 1170 2943 liceret.
1214 2877 1260 2942 Vt
1284 2884 1399 2943 autem

249 2983 389 3065 primum
418 2985 456 3048 de
484 2986 557 3069 ipse
585 2985 730 3050 cretico
759 2985 817 3050 illo
847 3007 992 3050 scorsum
1016 2985 1133 3068 dicam,
1162 2985 1400 3050 recordandum

250 3092 299 3152 est
326 3088 377 3152 his
405 3111 477 3152 eum
505 3091 647 3154 metricis
676 3090 789 3175 figaris
819 3092 953 3176 variari,
986 3115 1065 3175 quas
1095 3093 1179 3157 infra
1206 3091 1301 3175 posui
1335 3115 1402 3157 una

250 3216 323 3257 cum
346 3195 545 3280 insequentis
569 3198 670 3262 iambi
692 3197 805 3262 formis
832 3199 972 3262 vicariis:

668 3338 684 3370 L
712 3345 730 3371 υ
757 3339 773 3370 .‘
881 3345 899 3370 υ
935 3339 952 3370 L
988 3337 1006 3372 α

596 3409 1005 3488 Αύυυέχ-.’β
1133 3430 1150 3458 ι

669 3509 784 3549 Δυύυ
826 3501 828 3546 ἶ
873 3514 1006 3562 υαέΥ

254 4249 330 4290 nam
362 4237 397 4276 ὼ
414 4251 451 4277 w
469 4246 485 4277 -‘
519 4233 552 4291 et
583 4237 619 4277 ὼ
636 4251 672 4276 w
690 4237 725 4276 ὼ
758 4228 799 4291 ab
832 4229 1030 4312 reliquarum
1063 4227 1218 4292 societate
1251 4231 1404 4308 exclusas

256 4354 325 4396 esse
341 4338 476 4416 constat,
491 4333 575 4418 quod
594 4356 658 4398 non
677 4338 787 4418 potest
806 4335 949 4399 trochaei
966 4336 1072 4400 locum
1092 4334 1406 4418 proceleusmaticus

260 4440 427 4505 sustinere.
460 4440 582 4515 Quodsi
605 4441 777 4506 verborum
801 4441 930 4505 ordines
954 4442 987 4506 hi
1012 4445 1090 4505 sunt
1113 4445 1149 4504 nt
1171 4440 1312 4505 creticus
1336 4466 1404 4509 uno
