2910 5010
257 336 320 431 698
483 352 717 400 nararnrscnu
742 339 967 416 assecutas,
990 351 1194 411 snaassan,

818 567 848 631 3.

300 708 481 773 Studien·
513 708 588 773 und
620 706 934 795 Sittenzeugniss
964 708 1045 774 dem
1079 710 1376 776 Prenssischen

300 815 572 900 Kronprinzen
605 816 810 881 Friedrich
842 816 1026 880 Wilhelm
1061 817 1165 880 beim
1203 816 1376 904 Abgang

387 945 460 988 von
484 923 549 988 der
573 923 826 989 Universitiit
849 923 955 988 Bonn
979 925 1282 1009 ausgestellt.*)

345 1083 532 1150 Celsissimo
556 1084 678 1170 Regiae
707 1084 822 1148 domus
850 1083 1043 1148 Borussicae
1065 1081 1074 1169 ll
1098 1085 1251 1172 Principi
1310 1087 1411 1152 Fride

258 1191 328 1255 rico
357 1190 519 1256 Guilelmo
547 1190 556 1277 ll
585 1191 800 1256 commilitoni
827 1214 886 1257 suo
914 1192 1163 1276 generosissimo
1191 1191 1201 1278 {l
1231 1193 1262 1258 S.
1289 1195 1325 1259 P.
1347 1194 1384 1259 D.

256 1297 379 1382 Regiae
402 1298 633 1364 Vniversitatis
659 1298 850 1364 Fridericiae
881 1296 1071 1364 Guilelmiae
1103 1298 1112 1384 ll
1144 1299 1271 1366 Rector
1304 1310 1338 1368 et
1360 1302 1407 1368 Se

254 1409 361 1470 natus.

344 1510 504 1587 Quoniam
528 1511 562 1575 in
586 1533 624 1576 eo
648 1533 691 1595 es,
716 1511 869 1596 Princeps
893 1510 1087 1597 celsissime,
1111 1517 1150 1578 ut
1168 1513 1353 1581 discessum
1371 1541 1403 1581 ex

252 1617 321 1702 hac,
345 1602 436 1684 ouius
458 1642 517 1704 per
535 1618 703 1683 biennium
726 1618 925 1684 consortium
949 1619 1164 1704 participasti,
1190 1623 1402 1689 universitate

252 1748 359 1810 pares,
387 1748 454 1790 non
483 1726 580 1791 officii
610 1730 740 1790 tantum
769 1726 949 1809 sanctitati,
980 1725 1035 1790 sed
1058 1726 1122 1810 ipsi
1146 1729 1254 1793 animi
1279 1730 1400 1795 affectui

251 1836 364 1899 nostro
396 1834 595 1917 deessemus,
631 1832 695 1897 nisi
726 1837 760 1897 et
789 1832 965 1898 honorifico
1000 1854 1127 1897 morum
1159 1835 1401 1922 studiorumque

252 1941 443 2007 testimonio
473 1941 584 2004 debita
612 1939 728 2003 virtuti
757 1939 904 2023 praemia
932 1939 1151 2004 conferremus
1183 1943 1288 2006 veteri
1312 1947 1398 2028 atque

208 2072 211 2078 ·
254 2049 390 2133 antiquo
419 2048 572 2112 instituto
604 2046 801 2130 academico,
833 2052 866 2112 et
895 2046 981 2112 votis
1011 2047 1230 2131 pientissimis
1264 2056 1331 2115 tam
1359 2052 1397 2115 in·

257 2156 392 2220 lustrem
424 2156 528 2220 civem
559 2158 692 2240 temque
726 2177 836 2219 carum
868 2155 962 2220 nobis
995 2160 1090 2239 caput
1124 2178 1397 2243 prosequeremur.

252 2261 314 2338 Qui
339 2263 394 2326 ubi
417 2262 516 2348 Regis
540 2261 776 2347 Angustissimi
807 2263 941 2326 summis
965 2261 1120 2347 auspiciis
1145 2263 1395 2347 sapientissimo·

251 2390 313 2453 que
333 2367 592 2433 Celsissimorum
613 2368 789 2434 Parentum
814 2368 950 2434 consilio
974 2373 1070 2452 atque
1095 2371 1296 2436 auctoritate
1315 2395 1394 2457 prae·

252 2480 302 2539 ter
332 2475 412 2539 alias
443 2475 476 2539 in
507 2472 670 2540 communi
701 2475 807 2559 patria
836 2474 1003 2539 Musarum
1037 2474 1129 2540 sedes
1164 2475 1252 2543 hanc
1286 2479 1393 2543 almam

251 2581 445 2646 Rhenanam
473 2583 622 2666 petebas,
652 2582 698 2645 uti
722 2582 880 2646 bonarum
905 2581 1023 2646 artium
1048 2583 1115 2647 acri
1139 2585 1340 2650 tractatione
1361 2585 1392 2649 ad

253 2711 381 2754 omnem
411 2688 649 2754 humanitatem
666 2682 668 2684 ’
685 2693 826 2752 mentem
855 2687 957 2752 Tuam
988 2688 1167 2754 liberaliter
1199 2691 1393 2775 informares,

250 2797 320 2859 fieri
343 2817 408 2860 non
426 2796 536 2880 potuit
559 2795 637 2880 quin
656 2799 689 2859 et
708 2795 865 2879 singulari
889 2795 982 2859 nobis
1001 2795 1117 2861 honori
1136 2802 1208 2862 tam
1228 2801 1390 2886 ingenuam

253 2902 402 2967 fiduciam
426 2905 460 2967 in
484 2906 597 2968 nostra
620 2902 826 2986 potissimum
846 2901 1018 2987 disciplina
1036 2904 1178 2986 positam
1204 2908 1391 2989 duceremus,

250 3014 283 3074 et
312 3032 401 3094 spem
431 3009 696 3074 iucundissimam
727 3009 983 3093 conciperemus,
1010 3009 1079 3074 fore
1107 3016 1144 3074 ut
1172 3035 1247 3078 cum
1273 3014 1340 3079 Tua
1360 3015 1391 3078 de

250 3118 346 3183 nobis
374 3122 443 3181 tum
473 3115 511 3182 de
539 3117 584 3181 Te
615 3119 729 3182 nostra
759 3117 957 3201 exspectatio
988 3117 1121 3200 optimis
1152 3118 1318 3187 fructibus
1346 3146 1388 3186 er·

249 3224 401 3307 pleretur.
448 3222 544 3288 Tales
572 3223 697 3288 fructus
725 3223 812 3308 qnod
839 3245 924 3288 nunc
952 3224 986 3287 in
1011 3223 1071 3308 Te,
1099 3223 1257 3312 Princeps
1283 3228 1388 3293 Celsis-

338 3471 364 3538 *)
390 3469 498 3539 [Dieses
523 3469 657 3539 Zeuguiss
681 3469 776 3523 wurde
800 3469 908 3524 damals
932 3470 983 3524 auf
1005 3471 1096 3525 einem
1125 3472 1286 3529 besondern
1310 3476 1389 3531 Folia

250 3560 354 3629 hogen,
381 3558 507 3613 daueben
532 3559 605 3613 anch
632 3558 660 3611 in
687 3558 836 3613 deutscher
864 3559 1071 3630 Uebersetaung
1096 3562 1316 3619 veroffentliclrt.
1357 3563 1387 3617 u

247 3667 314 3719 mag
332 3648 378 3702 bei
397 3646 488 3702 dieser
503 3647 687 3718 Gelegenheit
702 3648 752 3701 das
767 3646 930 3717 Epigramm
945 3649 1118 3719 mitgetheilt
1137 3653 1260 3721 werden,
1280 3654 1388 3709 welches

247 3737 357 3792 damals
376 3736 487 3791 Ritschl
502 3736 599 3791 Seiner
613 3735 725 3805 Kduigl.
741 3736 847 3791 Hoheit
863 3737 906 3792 ins
927 3737 1108 3794 Stammbuoh
1128 3742 1278 3798 schreiben
1291 3741 1386 3797 durste:

285 3845 392 3898 ‘Wenn
414 3843 453 3896 im
477 3842 629 3897 modemeu
654 3842 778 3897 Gewand
803 3843 862 3898 sioh
887 3844 931 3898 die
951 3845 1028 3899 Mose
1049 3846 1098 3899 Dir
1117 3849 1328 3904 schmeichelnd
1344 3865 1386 3902 ans

1009 3934 1079 3988 Hera
1097 3936 1166 4006 legt,

337 4021 434 4075 Bleibe
454 4019 503 4073 der
522 4020 692 4075 classischen
711 4023 783 4075 auch
802 4022 938 4091 gastliche
958 4024 1050 4079 Stttte
1068 4028 1221 4094 vergonnt3

284 4112 372 4166 Nicht
389 4110 418 4164 in
437 4109 569 4164 Palasten
588 4108 674 4165 allelu
693 4111 750 4164 und
768 4111 871 4166 Hallen
889 4112 947 4166 und
966 4113 1191 4170 schimmernden
1211 4116 1340 4182 Br'ihnen‚

338 4201 402 4255 Wie
422 4199 462 4253 sie
481 4199 545 4252 dem
565 4199 741 4269 Kduigessitz
760 4200 904 4270 koniglich
925 4202 1059 4257 ‘Werde'
1079 4203 1214 4257 verleiht:

283 4291 362 4345 Auch
381 4290 410 4344 in
429 4289 478 4343 der
498 4288 579 4344 Stille
599 4289 648 4343 der
667 4289 759 4358 Brust,
779 4307 821 4344 wo
840 4292 880 4346 sie
899 4297 983 4359 emat,
1002 4293 1181 4347 harmonisch
1201 4295 1258 4349 und
1278 4296 1338 4350 edel

336 4379 427 4434 Ueher
446 4379 495 4432 der
514 4379 610 4434 Zeiteu
630 4378 737 4434 Gewirr
755 4379 842 4433 hebet
860 4381 904 4435 ein
924 4380 1016 4452 sinnig
1034 4379 1178 4437 Gemfith!

1215 4472 1244 4526 o.
1265 4474 1321 4542 a]
