2940 5004
416 348 679 396 uuuunnriours
703 349 913 400 rnnvrrusu.
1179 338 1244 401 485

96 512 228 574 prorsus
248 490 281 555 iu
301 487 437 577 mene*):
461 492 598 556 alterum
618 514 684 556 non
703 493 791 577 item,
814 494 869 558 ubi
889 501 923 558 ta
943 497 1038 575 facito
1057 503 1246 581 opsonatum,

97 598 182 682 quod
209 620 268 681 pro
298 597 494 682 simplicite
522 605 668 682 88888818
696 604 759 683 881,
788 602 910 665 unllam
934 625 953 666 a
976 604 1128 687 depresso
1149 605 1245 684 facito

98 706 196 770 verbo
225 705 437 769 offensionem
466 706 567 770 babet
595 703 686 788 (narn
704 708 789 791 quod
812 708 910 773 etiam
936 715 977 793 ta,
1001 714 1037 773 ut
1059 710 1244 794 oppositum

96 832 147 894 eqo
171 811 373 897 pronomini,
402 811 634 876 intendendum
659 835 728 877 esse
752 814 914 898 videatur,
938 816 976 879 de
1000 838 1038 880 eo
1064 817 1158 880 aliter
1181 819 1245 882 exi·

99 919 297 983 stimaudum
326 940 395 983 8888
419 918 504 983 iufra
527 919 760 1006 intellegetur).

184 1026 317 1090 Praeter
347 1025 426 1089 baec
453 1025 487 1089 iu
515 1025 580 1089 illis
605 1048 687 1110 quae
711 1048 728 1090 e
751 1028 910 1113 principio
934 1028 1117 1095 Trinummi
1140 1053 1244 1097 excer-

94 1133 220 1216 psimus
244 1132 400 1217 exemplis
423 1132 524 1197 habes
549 1155 626 1197 sane
650 1133 749 1198 etiam
773 1135 934 1218 gravioris
960 1139 1115 1203 momenti
1138 1141 1243 1203 notio-

97 1240 212 1303 nesab
232 1240 296 1303 arsi
315 1240 475 1303 exclusas:
493 1261 622 1322 sequere,
642 1241 762 1324 [adest]
782 1243 858 1306 dedi.
891 1241 936 1305 At
950 1265 1025 1307 vero
1044 1243 1095 1308 his
1115 1244 1243 1328 quidem

97 1346 226 1411 aliunde
260 1347 424 1411 excusatio
456 1351 587 1430 praesto
621 1350 671 1410 881
702 1348 820 1412 rationi
853 1371 986 1433 prorsus
1019 1354 1244 1418 consentanea.

96 1453 210 1518 Posita
238 1454 322 1518 enirn
352 1458 428 1517 suut
455 1453 489 1517 in
516 1453 587 1537 ipso
616 1475 796 1519 versuum
826 1456 954 1521 initio:
983 1457 1072 1521 cuius
1097 1458 1161 1522 loci
1184 1480 1345 1524 na-ocnvr

96 1564 170 1624 tura
193 1581 231 1624 ea
254 1564 304 1624 est
333 1565 381 1642 nt,
410 1560 563 1644 quoniam
591 1560 637 1625 ibi
659 1583 722 1625 vox
745 1562 917 1641 exorditur,
940 1565 1084 1628 naturali
1109 1567 1243 1629 necessi·

97 1670 165 1732 tate
189 1665 329 1751 quadarn
352 1666 585 1748 pronuntiandi
607 1689 674 1731 nou
697 1667 864 1732 eleventur
887 1669 987 1734 verba
1010 1671 1066 1735 sed
1091 1672 1243 1736 extollan-

98 1778 164 1856 tur,
194 1772 323 1837 etiamsi
349 1773 433 1837 ictus
455 1794 677 1856 numerorum,
705 1779 741 1838 ut
764 1774 798 1839 in
821 1775 985 1859 iambicis,
1013 1798 1078 1841 non
1103 1777 1243 1843 accedat.

96 1880 191 1944 Talia
214 1879 314 1964 igitur
338 1881 414 1942 suut
435 1877 533 1942 Bono
551 1878 637 1942 Trin.
658 1881 711 1963 41,
733 1880 821 1946 Bene
839 1882 891 1964 52,
915 1882 1011 1948 Credo
1030 1884 1081 1965 53,
1105 1883 1244 1967 Deosque

95 1988 147 2070 57,
169 1987 261 2051 Faxo
286 1987 338 2068 60,
361 1985 439 2048 Mea
463 1985 514 2065 69,
538 1990 571 2049 81
594 1985 714 2049 similia
737 1986 864 2069 ubique.

184 2094 342 2158 Attamen
371 2112 409 2155 ex
437 2111 484 2173 eo,
512 2091 598 2175 quod
626 2092 768 2175 pondere
797 2097 943 2158 carentes
973 2118 1066 2161 voces
1095 2097 1186 2162 licuit
1209 2099 1242 2163 in

94 2200 180 2264 thesi
208 2199 400 2283 deprimere,
433 2197 567 2262 minime
598 2200 805 2283 consequitur
834 2222 901 2265 nou
930 2202 1074 2284 potuisse
1105 2205 1176 2269 acui
1207 2207 1242 2271 iu

93 2308 158 2371 arsi
182 2306 349 2372 collocata.
395 2305 499 2369 Immo
524 2305 718 2390 ubicumque
742 2306 832 2371 nulla
854 2308 1017 2392 ipsorum,
1041 2310 1157 2394 quibus
1185 2313 1241 2377 ali-

96 2413 181 2498 quod
205 2413 406 2477 enuutiatum
431 2413 476 2496 fit,
500 2412 679 2477 mutatione
702 2413 794 2477 licuit
818 2415 867 2478 vel
891 2414 1077 2480 satisfacere
1101 2417 1167 2501 legi
1192 2420 1240 2483 vel

94 2544 160 2585 nou
179 2519 375 2603 satisfacere,
397 2524 649 2585 cousentaneum
670 2525 719 2584 est
742 2521 789 2585 ita
813 2523 912 2586 rerba
934 2522 1103 2607 disponere
1127 2531 1240 2606 poetes

94 2627 260 2711 maluisse,
288 2631 325 2692 ut
353 2627 500 2712 singulae
527 2627 678 2692 notiones
706 2629 767 2691 sub
795 2628 878 2692 ictus
907 2629 1057 2694 caderent
1084 2652 1180 2714 quam
1204 2637 1241 2696 ut

95 2733 254 2818 quaedem
273 2739 366 2798 extra
383 2734 476 2798 ictus.
509 2733 592 2808 Quid
612 2734 699 2798 euim
718 2735 848 2799 tandem
867 2757 1000 2800 caussae
1025 2736 1125 2801 fuisse
1148 2741 1238 2820 pute·

94 2863 165 2905 mus
193 2863 264 2925 cur,
297 2863 392 2924 quem
421 2838 566 2906 ordinem
595 2841 679 2906 ratio
707 2840 870 2924 universa,
902 2863 919 2904 e
951 2864 1014 2924 qua
1044 2842 1106 2907 boe
1137 2864 1238 2927 genus

92 2968 282 3030 suspensum
306 2951 368 3031 est,
391 2946 606 3030 dissuaderet,
634 2947 834 3030 praeferrent
856 2946 886 3011 ei
910 2948 964 3032 qui
988 2950 1238 3014 commendatio·

91 3076 165 3118 uem
194 3053 423 3118 concinnitatis
451 3054 575 3118 habeus
604 3042 677 3118 cu'm
706 3054 795 3117 nullo
823 3077 955 3136 prorsus
986 3077 1096 3119 versus
1119 3056 1237 3121 facien·

92 3162 174 3226 tium
201 3160 405 3226 incommodo
436 3160 627 3225 coniunctus
656 3161 763 3224 asset?
809 3158 922 3244 Itaque
946 3160 1042 3224 huius
1067 3161 1116 3224 vis
1140 3162 1238 3226 ratio-

91 3267 264 3333 cinationis
288 3291 360 3333 cum
379 3269 413 3333 in
432 3267 640 3331 emendandis
659 3266 725 3330 11118
745 3267 850 3350 poetis
869 3271 921 3331 881
940 3268 1006 3332 1818
1024 3271 1144 3352 pateat,
1168 3274 1236 3334 tum

90 3376 299 3460 praecipuum
326 3375 377 3438 ius
407 3373 567 3458 quoddam
595 3373 695 3437 babet
720 3373 756 3437 in
789 3373 917 3437 conciso
946 3379 1236 3460 coagmentatoque

91 3481 290 3546 senariorum
318 3485 436 3546 metro:
465 3481 574 3564 paullo
604 3479 691 3544 enim
719 3479 902 3544 liberiorem
930 3481 1104 3564 rationem,
1136 3487 1172 3546 ut
1204 3484 1236 3548 in

90 3588 163 3652 aliis
186 3589 292 3673 rebus,
313 3588 362 3652 ita
384 3588 419 3651 in
441 3587 503 3651 hoe
527 3607 643 3671 genere
667 3587 841 3671 septenarii
865 3590 1052 3670 sequuntur,
1076 3589 1116 3653 ab
1141 3589 1234 3654 initio

93 3695 300 3779 potissimum
333 3717 458 3760 versus:
491 3715 554 3777 quo
587 3698 620 3757 81
650 3695 745 3773 facito
777 3693 858 3756 illud
889 3692 1030 3777 pertinet
1062 3700 1094 3760 et
1120 3701 1236 3777 potem,

91 3802 175 3886 quod
199 3802 288 3866 nullo
316 3801 450 3887 negotio
474 3822 547 3864 cum
570 3799 635 3864 arsi
659 3800 829 3864 conciliare
858 3799 904 3863 sic
934 3800 1064 3863 licebat:
1093 3801 1186 3865 111188
1207 3803 1236 3866 81

84 3910 190 3992 potero
212 3931 264 3992 epo
287 3909 496 3973 momentis.
512 3904 597 3972 ‚Sed
620 3906 709 3971 Trin.
729 3929 757 3970 v.
776 3907 820 3971 45
843 3929 916 3971 curn
940 3908 1029 3992 optio
1054 3907 1130 3971 data
1149 3912 1235 3972 esset

89 4015 207 4080 harum
230 4014 493 4080 collocationum:
523 4013 616 4095 quoia
638 4013 687 4077 bie
705 4014 800 4094 prope
822 4034 869 4077 nee
890 4015 952 4079 oo'a
973 4021 1065 4079 sonae
1087 4018 1120 4078 et
1141 4016 1235 4096 qao'io

89 4122 140 4186 bie
167 4124 229 4187 uox
252 4143 348 4205 prope
375 4121 427 4185 me
448 4126 552 4198 sonat,
581 4121 641 4183 8181
670 4119 709 4184 ad
738 4120 932 4184 sententiam
955 4143 1158 4205 nequaquam
1182 4145 1233 4186 ue·

89 4229 228 4293 cessaria
256 4231 306 4292 est
328 4249 425 4310 prope
451 4226 557 4310 notio,
589 4232 699 4291 tamen
730 4225 883 4309 quoniam
913 4226 1063 4291 accedere
1094 4228 1235 4312 scriptor

161 4457 185 4524 *)
205 4434 279 4526 [1198
298 4458 388 4511 sorori
405 4458 479 4511 ozeae*
496 4471 589 4510 cenom
607 4455 686 4510 bodie
706 4497 712 4508 .
732 4494 739 4508 .
761 4455 863 4525 Opnsc.
884 4455 952 4526 phil.
972 4457 997 4510 11
1016 4474 1044 4525 p.
1063 4455 1135 4527 305]
