2992 5004
438 368 703 417 EMENDATIONIS
727 370 934 419 PLAV'I‘INAE.
1198 356 1263 420 3l3

118 512 358 598 Antverpiense
378 512 455 577 anni
475 530 661 598 oloronxw,
685 512 770 598 quod
790 514 955 600 signatum
975 520 1025 580 est
1038 516 1135 582 XXI.
1149 518 1264 582 Burin.

117 619 159 685 D.
182 624 224 685 2:
252 617 403 684 Salmasii
434 618 691 703 emendationes,
719 643 854 705 quarum
884 644 960 706 pars
988 624 1054 688 iam
1083 646 1102 688 a
1130 622 1264 690 Batavis

117 726 295 793 editoribus
323 724 512 791 Borbornio
536 731 570 792 et
593 725 758 793 Gronovio
788 733 1040 796 commemorata
1068 734 1130 814 est,
1159 729 1265 796 Taub-

118 833 267 899 manniae
285 833 408 917 primae
432 835 615 918 exemplum
629 834 707 899 XX.
725 835 768 901 B.
783 857 808 900 o.
826 841 900 902 174.
924 835 1133 923 Scaligerana
1156 842 1264 904 autem

119 964 136 1005 e
160 944 315 1026 quattuor
336 939 482 1006 fontibus
506 941 599 1024 petii:
622 942 855 1024 praestiterunt
878 943 966 1008 enim
985 943 1181 1028 caprimum
1201 944 1264 1010 duo

116 1049 173 1114 illa
196 1047 356 1131 exempla,
380 1070 518 1132 quorum
541 1048 576 1113 in
598 1048 749 1134 Parergis
773 1073 803 1134 p.
827 1050 949 1136 575sq.
974 1051 1172 1117 mentionem
1194 1052 1265 1135 feci,

117 1157 255 1221 alterum
287 1155 365 1220 item
399 1155 636 1240 Antverpiense
669 1156 813 1221 eiusdem
842 1158 931 1242 anni,
968 1157 1132 1244 signatum
1160 1159 1265 1224 XIII.

116 1262 159 1328 D.
182 1267 257 1347 204,
280 1263 421 1327 alterum
443 1260 632 1328 Basileense
656 1285 694 1327 ex
718 1262 859 1329 editione
884 1261 1060 1330 Camerarii
1079 1288 1099 1330 a
1117 1264 1265 1331 Fabricio

116 1370 249 1454 iterata,
277 1373 389 1435 notam
417 1368 541 1435 babens
569 1369 676 1434 XIII.
700 1369 735 1435 0.
763 1375 848 1436 244:
876 1372 1013 1436 accessit
1040 1371 1198 1442 Leidense
1226 1395 1264 1438 ex

25 1510 28 1515 ·
116 1477 301 1542 recensione
319 1475 463 1541 Dousica
481 1477 558 1541 anni
577 1493 817 1561 cIoloLxxxrx,
840 1478 919 1544 olim
938 1478 1074 1544 Adriani
1094 1478 1266 1562 Francisci‚
1379 1549 1382 1554 ,

117 1609 201 1652 nune
229 1584 334 1650 XIII.
357 1583 399 1648 D.
423 1589 496 1667 203,
524 1607 597 1649 cunr
626 1584 763 1650 aliorum
791 1589 828 1650 nt
856 1585 982 1651 videtur
1009 1591 1079 1651 turn
1108 1585 1265 1672 Scaligeri

116 1694 345 1776 correctiones,
373 1692 429 1756 sed
457 1714 512 1756 eas
542 1714 677 1777 paucas,
705 1693 864 1776 ascriptas
893 1694 1025 1758 habens.
1071 1694 1132 1759 His
1156 1699 1265 1760 autem

115 1800 221 1884 libris,
249 1822 331 1885 quos
355 1821 429 1864 rara
451 1798 648 1864 liberalitate
672 1800 844 1865 clarissimi
874 1799 1080 1885 eiusdemque
1105 1802 1265 1867 carissimi

116 1907 237 1972 Iscom
259 1905 382 1971 Gustu
406 1907 527 1991 partim
551 1905 638 1973 domi
661 1907 812 1986 tractari,
836 1907 955 1991 partim
979 1906 1096 1972 Leidae
1120 1910 1171 1973 vel
1195 1909 1265 1992 ipse

116 2015 261 2098 excerpsi
288 2014 341 2078 vel
368 2014 474 2079 amica
502 2036 579 2078 cura
611 2013 697 2079 docti
725 2013 852 2079 iuvenis
880 2013 1020 2100 Eugenii
1048 2014 1186 2079 Mehleri
1200 2010 1265 2079 ‘ex-

116 2125 244 2206 cerptos
264 2121 381 2206 accepi,
404 2121 561 2207 largiores
580 2121 679 2186 etiam
699 2122 810 2206 copias
830 2120 1064 2207 Scaligeranas,
1083 2121 1264 2207 exegetioas

118 2229 247 2314 quidem
270 2229 304 2292 in
329 2250 441 2294 omnes
464 2228 662 2313 comoedias,
689 2229 820 2294 criticas
843 2229 879 2293 in
902 2229 1089 2314 plerasque,
1117 2229 1264 2295 novicius

117 2336 215 2402 codex
245 2358 304 2402 ms.
333 2335 420 2402 8185
454 2334 684 2419 bybliothecae
712 2335 836 2422 Regiae
859 2336 1024 2421 praebuit,
1057 2337 1147 2402 cuius
1179 2360 1265 2402 nunc

118 2443 301 2528 exemplum
320 2464 499 2528 propensae
513 2443 548 2507 in
563 2465 614 2508 mc
629 2443 790 2509 voluntati
804 2442 967 2510 Theodori
982 2443 1135 2509 Presselii
1154 2445 1264 2510 debeo.

118 2550 320 2636 Quamquam
350 2549 389 2614 de
413 2548 570 2636 Scaligeri
594 2551 761 2616 subitariis
789 2551 875 2617 curis
902 2550 972 2617 noli
1000 2556 1187 2635 exspectare
1217 2552 1264 2616 ni-

116 2657 231 2722 mium:
249 2679 344 2743 quem
364 2656 496 2723 honoris
516 2681 632 2724 caussa
649 2659 815 2743 aliquanto
830 2658 958 2742 saepius
974 2658 1148 2744 nominavi,
1167 2681 1264 2743 quam

116 2765 243 2830 illarum
269 2765 415 2851 ingenita
438 2764 563 2831 indoles
587 2765 746 2851 exigebat.

204 2873 255 2937 Ad
288 2871 427 2936 editores
460 2877 498 2937 ut
526 2871 669 2951 redeam,
701 2872 750 2937 uti
780 2876 855 2937 ante
885 2872 1014 2938 criticos
1045 2872 1120 2938 illos
1151 2894 1263 2937 omnes

117 2979 267 3064 Dionysii
285 2978 448 3062 Laurum,
471 2979 518 3044 ita
541 2981 617 3063 post
639 3000 695 3044 eos
718 2962 874 3063 perquam
897 2979 1112 3044 tumultuaria
1130 2978 1175 3045 Io.
1194 2978 1262 3044 Fri·
1276 3004 1317 3044 nv

115 3086 214 3151 derici
238 3084 412 3152 Gronovn
437 3107 535 3169 opera
557 3085 633 3164 fuit,
662 3086 752 3151 cuius
776 3086 954 3170 recognitio
982 3086 1124 3168 ocrlpatac
1145 3108 1265 3152 nomen

115 3193 250 3259 invenit.
286 3192 335 3259 De
355 3194 471 3279 quibus
491 3215 547 3259 cur
568 3195 617 3258 ita
631 3193 834 3259 sentiendum
848 3193 900 3277 sit,
915 3193 995 3258 satis
1011 3193 1144 3277 exposui
1160 3192 1180 3261 l.
1195 3216 1219 3259 s.
1239 3217 1263 3259 s.

117 3324 145 3384 p.
165 3300 229 3366 527
247 3303 388 3382 [=117]
400 3323 469 3386 sqq.
488 3300 554 3365 563
570 3304 626 3382 [=
636 3300 712 3382 155]
723 3324 792 3386 sqq.
815 3299 866 3365 Ex
879 3300 1014 3385 reliquis
1029 3300 1174 3365 criticam
1189 3323 1263 3386 ope-

113 3424 185 3472 ram
199 3406 317 3472 Plauto
332 3429 468 3492 eamque
487 3430 553 3473 non
571 3430 636 3472 una
658 3407 698 3472 de
721 3429 836 3472 caussa
858 3407 1101 3471 memorabilem
1120 3406 1183 3470 duo
1203 3407 1264 3472 soli

116 3516 286 3598 naverunt,
299 3512 490 3579 Franciscus
515 3514 678 3608 Gvrurys
703 3517 736 3578 et
757 3513 793 3580 F.
812 3513 853 3578 H.
873 3513 1030 3580 Borfflvs
1054 3518 1194 3597 nostras,
1217 3514 1263 3579 in·

116 3621 202 3706 genii
222 3625 255 3685 et
273 3644 334 3686 usu
353 3625 386 3685 et
400 3620 502 3686 abusu
518 3621 648 3686 similes.
686 3619 734 3686 De
749 3621 865 3706 quibus
880 3643 945 3686 non
959 3619 1072 3686 dubito
1087 3621 1165 3706 quin
1184 3621 1265 3693 satis

115 3727 293 3794 honorifice
316 3750 468 3794 sensurus
492 3729 548 3813 sit,
576 3729 632 3814 qui
660 3751 698 3794 ex
727 3728 948 3794 annotationis
977 3730 1104 3793 tanturn
1132 3734 1265 3794 nostrae

116 3836 311 3901 testimoniis
334 3834 487 3900 iudicium
510 3835 623 3900 faciat:
647 3841 715 3901 tam
739 3835 790 3899 vel
814 3834 952 3899 feliciter
974 3834 1106 3900 inventa
1125 3835 1177 3898 vel
1202 3835 1264 3901 sol·

116 3943 216 4008 lerter
239 3943 422 4029 excogitata
445 3943 486 4008 ad
505 3943 579 4008 illos
599 3942 709 4007 referri
730 3941 849 4007 viderit
867 3963 932 4006 non
953 3941 1033 4006 adeo
1052 3963 1165 4024 pauca.
1202 3940 1264 4006 Sed

116 4051 291 4115 eorundem
320 4049 536 4134 reputandum
565 4053 616 4114 est
642 4050 737 4134 longe
764 4048 858 4132 plura
886 4051 1068 4112 commenta
1094 4047 1188 4112 nobis
1217 4052 1265 4113 ta·

117 4158 216 4223 conda
244 4157 356 4241 fuisse,
384 4157 502 4241 quibus
526 4178 622 4242 saepe
646 4155 841 4239 temerariis,
869 4175 965 4237 saepe
989 4154 1163 4240 imperitis,
1186 4178 1264 4221 non·

117 4287 295 4349 numquam
318 4264 551 4330 incredibiliter
573 4263 733 4348 perversis
762 4265 859 4346 atque
889 4260 967 4326 adeo
996 4262 1194 4345 portentosis
1225 4298 1262 4308 -—

117 4393 182 4437 non
212 4395 343 4457 possum
375 4372 462 4437 enim
492 4371 681 4436 clementius
714 4368 854 4433 iudicare
889 4404 925 4412 —
959 4367 1079 4432 bonum
1113 4367 1265 4432 Plautum

117 4479 410 4545 commacularunt:
438 4484 506 4545 tam
531 4479 613 4544 miro
636 4478 687 4543 illi
710 4480 966 4560 temperamento
991 4499 1070 4542 sana
1100 4475 1264 4541 futtilibus
