2910 5010
333 371 627 417 errarunnrrousu
651 371 724 417 uun
749 356 956 416 iussiones.
1154 352 1217 415 113

75 510 171 595 phiae
190 513 355 595 professor
373 513 522 598 publicus
542 512 734 597 ordinarius,
756 534 866 577 eorum
886 534 1036 576 sensuum
1060 511 1217 594 interpres

75 620 305 704 existet,·qu0s
328 642 393 686 non
418 620 604 686 dubitamus
628 621 706 705 quin
730 624 764 685 et
786 620 956 684 nobiscum
979 623 1103 683 etcum
1124 618 1217 682 bonis

75 726 224 791 omnibus
249 749 288 790 ex
311 728 418 792 animo
443 727 695 792 communicetis.
740 726 865 791 Valete.

163 833 330 899 Dabamus
354 833 487 899 Bonnae
511 834 622 898 Idibus
646 833 742 897 Maiis
766 855 794 897 a.
817 848 1058 898 crorsoccuxlr.

372 1263 471 1327 Zwei
493 1262 921 1349 Relsgationspatente.

633 1482 661 1523 a.

164 1581 397 1647 Vniversitatis
430 1582 624 1647 Fridericiae
653 1583 844 1648 Guilelmiae
872 1581 1047 1646 Rhenanae
1065 1580 1076 1664 ll
1100 1580 1219 1644 Rector

77 1695 110 1755 et
132 1688 280 1754 Senatus.
307 1689 318 1772 l
346 1688 427 1754 Cum
459 1678 570 1754 multa
595 1691 629 1754 iu
662 1689 833 1754 academiis
871 1689 1058 1753 iuvenilium
1096 1686 1218 1751 animo-

54 1798 146 1860 'rum
169 1801 227 1861 aut
248 1796 364 1860 levitas
389 1799 446 1860 aut
469 1796 577 1860 ferror
600 1798 732 1882 gignere
761 1800 893 1880 peccata
916 1794 1034 1878 soleat,
1058 1815 1140 1878 quae
1163 1815 1218 1876 pa·

76 1903 176 1967 ternis
204 1902 480 1967 admonitionibus
513 1903 652 1983 coerceri
679 1908 737 1967 aut
764 1903 942 1967 lenioribus
971 1900 1146 1966 secundum
1175 1899 1218 1964 le-

75 2030 151 2094 gum
174 2010 327 2074 instituta
348 2009 462 2092 poenis
487 2009 638 2094 castigari
658 2009 739 2074 satis
758 2013 817 2092 est,
841 2031 950 2072 rursus
970 2008 1036 2072 alia
1053 2012 1121 2072 tam
1142 2010 1219 2071 sunt

74 2116 268 2200 importuna,
290 2121 358 2180 tam
383 2116 536 2201 opposita
558 2115 685 2200 legibus
709 2115 860 2181 omnibns
884 2119 981 2199 atque
1001 2136 1021 2178 a
1040 2115 1120 2178 bene
1145 2135 1217 2178 con·

75 2223 192 2286 stituta
215 2221 347 2287 civitate
372 2221 491 2306 aliena,
519 2227 555 2288 ut
578 2220 857 2287 animadvertendi
881 2220 1087 2285 severitatem
1111 2220 1218 2284 inexo-

74 2329 210 2393 rabilem
236 2351 302 2394 non
331 2329 489 2394 suadeant
515 2335 657 2414 tantum,
691 2329 746 2394 sed
770 2328 939 2412 postulent
963 2326 1217 2412 efflagitantque.

73 2434 112 2499 ln
140 2436 257 2520 quibus
284 2436 380 2501 facile
408 2436 611 2522 intellegitur
641 2441 772 2521 praeter
794 2440 901 2501 cetera
923 2435 1006 2499 illud
1029 2455 1113 2516 esse,
1145 2455 1219 2498 curn

73 2543 323 2626 magistratuum
347 2543 443 2626 iussa,
466 2565 568 2627 eaque
591 2543 653 2628 ipsi
673 2544 782 2628 legum
801 2541 988 2607 auctoritati
1006 2539 1126 2623 innixa,
1151 2563 1217 2606 non

74 2648 185 2733 aliqua
212 2649 262 2713 vel
291 2650 498 2734 neglegentia
524 2650 576 2714 vel
604 2649 856 2734 intemperantia
884 2647 1081 2731 migrantur,
1112 2647 1167 2711 sed
1199 2671 1218 2712 a

74 2755 250 2821 scientibus
279 2761 312 2821 et
339 2756 522 2822 volentibus
549 2756 729 2821 illuduntur
755 2755 826 2840 pa'ri
854 2753 1046 2818 insolentiae
1074 2753 1218 2819 libidine.

72 2861 186 2946 ltaque
216 2884 288 2927 cum
316 2884 417 2946 nuper
444 2883 583 2946 pompae
610 2861 759 2946 publicae
790 2862 966 2925 nocturnae
997 2859 1219 2943 sollemnitati,

73 2968 203 3051 qualem
231 2969 300 3033 fieri
328 2968 392 3033 nisi
421 2967 515 3032 venia
541 2968 718 3052 impetrata
745 2968 834 3051 leges
862 2969 989 3048 vetant,
1022 2968 1169 3049 quamvis
1197 2990 1217 3032 a

74 3095 200 3138 summo
225 3074 446 3138 universitatis
472 3074 666 3158 magistratu
694 3073 872 3158 denegatae
896 3078 928 3137 et
952 3073 1096 3158 graviter
1119 3075 1216 3139 inter-

73 3179 193 3264 dictae,
226 3185 337 3245 tamen
370 3201 488 3265 magna
514 3203 572 3265 per
599 3181 713 3245 urbem
745 3180 1005 3246 concurrentium
1035 3180 1217 3264 frequentia

72 3293 114 3370 et,
138 3286 223 3371 quod
243 3288 379 3352 vetitum
399 3291 469 3352 erat
488 3287 658 3371 imprimis,
681 3287 771 3352 tibiis
790 3288 942 3372 tubisque
961 3288 1216 3367 concinentibus,

73 3394 163 3459 locus
192 3394 286 3460 datus
311 3399 410 3460 esset:
448 3395 517 3459 eius
541 3400 650 3460 autern
673 3395 926 3479 pertinacissimi
949 3394 1102 3459 facinoris
1125 3417 1216 3478 prae·

71 3501 185 3583 cipuus
216 3499 348 3584 quidam
378 3505 491 3566 auctor
521 3506 553 3566 et
582 3524 641 3567 suo
672 3508 705 3567 et
736 3503 874 3568 aliorum
897 3501 1094 3567 testimoniis
1118 3524 1216 3586 appa·

71 3607 191 3672 ruisset
208 3609 219 3691 ΙΙ
237 3606 276 3672 Ν.
295 3607 330 3673 Ρ.
347 3606 359 3690 ΙΙ
376 3607 569 3693 Kampensis
587 3607 598 3691 ΙΙ
615 3608 795 3674 medicinae
818 3607 995 3673 studiosus:
1013 3609 1024 3692 ΙΙ
1041 3608 1128 3672 hunc
1151 3630 1216 3672 non

72 3714 237 3800 potuimus
267 3715 345 3800 quin
372 3715 481 3801 legum
510 3715 697 3780 auctoritati
723 3714 885 3798 huiusque
909 3714 1129 3780 universitatis
1153 3714 1216 3778 exi·

72 3820 253 3885 stimationi
283 3821 462 3886 consulturi
491 3844 510 3886 a
538 3822 656 3886 civium
683 3826 870 3887 nostrorum
895 3821 1051 3886 societate
1074 3842 1215 3885 remove-

71 3948 180 3992 remus
204 3931 237 3992 et
260 3928 301 3992 ab
324 3928 386 3992 hac
408 3928 591 3992 litterarum
615 3927 689 3992 sede
711 3928 940 4012 relegeremus.
974 3926 1065 4003 Quod
1088 3932 1125 3992 ut
1148 3949 1214 3991 om-

72 4056 140 4118 nes,
163 4056 300 4119 quorum
324 4034 468 4118 interest,
491 4037 690 4120 cognoscant
708 4036 903 4118 strenueque
921 4033 1105 4100 vindicatae
1123 4034 1215 4099 disci-

70 4141 179 4226 plinae
202 4142 368 4226 publicum
392 4140 620 4207 documentum
643 4145 758 4226 exstet,
780 4141 991 4227 relegationis
1015 4141 1163 4227 exempla
1182 4146 1215 4206 et

70 4248 192 4312 nostris
221 4247 325 4312 valvis
354 4247 444 4332 affigi
473 4251 506 4311 et
534 4270 606 4312 cum
634 4249 749 4313 ceteris
777 4247 952 4313 academiis
984 4248 1045 4313 hoc
1077 4249 1214 4313 consilio

71 4354 246 4419 foederatis
279 4353 511 4420 communicari
542 4353 705 4420 iussimus.
772 4354 911 4442 Egimus
935 4355 1068 4421 Bonnae
1098 4356 1127 4421 d.
1151 4355 1214 4421 VH

71 4484 113 4528 rn
136 4459 231 4528 Mart.
255 4484 283 4526 a
307 4464 647 4547 crsrscocxxrixvrnr.
