2910 5010
349 335 648 385 orarunsmonun
671 339 745 385 unu
769 325 979 387 lanmouas.
1170 321 1233 385 703

83 482 245 565 posuisse,
282 479 334 544 vix
365 483 402 542 ut
431 481 646 545 nobilioribus
677 483 831 564 exemplis
862 503 1016 565 umquam
1049 482 1233 546 enituerint.

85 586 295 672 Eandemque
319 588 525 652 meminimus
549 611 621 652 cum
645 589 804 653 maiorum
829 592 934 653 aetate
958 588 1142 653 liberalium
1166 594 1233 653 stu·

84 694 210 759 diorum
234 695 386 759 stabilem
411 694 520 760 sedem
543 699 729 780 certumque
753 694 951 760 domicilium
975 716 1054 777 esse,
1078 700 1148 758 tum
1172 692 1232 759 Ga-

84 802 156 867 rolo
179 802 329 887 Augusto
353 803 561 886 potissimum
586 804 730 888 glorioso
753 803 834 867 duce
857 808 954 888 amus
978 801 1107 886 auspice
1131 802 1231 866 tantis

83 909 186 993 copiis
220 913 252 975 et
285 909 483 993 optimarum
521 910 640 974 artium
674 913 707 974 et
737 909 942 995 ingeniorum
976 909 1231 974 cultissimorum

84 1015 229 1098 affluere,
258 1015 331 1079 inde
355 1020 405 1099 ut,
435 1017 527 1101 quasi
551 1039 590 1081 cx
613 1017 777 1081 uberrimo
800 1018 891 1081 fonte
915 1017 1075 1102 benignos
1100 1015 1232 1098 rivulos,

82 1121 117 1184 in
148 1125 272 1186 ceteras
301 1122 495 1188 Germaniae
524 1128 634 1208 partes
666 1123 831 1208 politioris
862 1123 1074 1212 humanitatis
1108 1122 1231 1188 fruetus

82 1227 278 1293 redundasse
306 1233 401 1313 grata
427 1230 619 1295 testificetur
648 1231 836 1315 posteritas.
889 1230 970 1295 Tam
1001 1252 1093 1295 rarae
1127 1231 1229 1315 igitur

83 1338 214 1420 tamque
243 1340 350 1401 certae
379 1336 485 1402 laudis
515 1337 688 1403 admiratio
711 1337 807 1403 facile
831 1338 946 1420 effecit,
969 1341 1006 1401 ut
1027 1340 1230 1423 praesentem

82 1441 272 1507 felicitatem
304 1441 455 1508 Vestram
489 1466 554 1509 non
588 1448 717 1509 tantum
750 1443 849 1510 officii
881 1466 1010 1528 caussa,
1043 1444 1128 1529 quod
1160 1466 1230 1508 esse

82 1550 323 1615 sanctissimum
353 1551 523 1635 sentimus,
552 1551 608 1616 sed
637 1573 676 1619 ex
705 1552 806 1617 animi
834 1551 997 1616 sententia
1024 1549 1127 1616 Vobis
1156 1573 1231 1616 con-

83 1657 294 1741 gratulemur,
317 1657 485 1743 Deumque
505 1655 672 1742 Optimum
692 1657 880 1742 Maximum,
903 1659 952 1723 uti
975 1657 1144 1723 fundatam
1164 1681 1229 1722 ma·

81 1762 177 1827 rimis
200 1764 368 1829 laboribus
392 1765 595 1850 plurimaque
618 1766 738 1830 virtute
758 1765 939 1830 stabilitam
958 1764 1124 1830 Musarum
1145 1765 1230 1830 sedis

82 1869 220 1935 Vestrae
245 1872 384 1957 gloriam
408 1872 522 1959 tutari,
553 1893 683 1958 augere,
711 1877 902 1957 perpetuare
931 1873 1019 1957 velit,
1044 1872 1133 1937 omni
1156 1871 1231 1936 reli·

29 2002 35 2016 ·
81 1977 177 2061 gione
212 2000 461 2065 comprecemur.
507 1979 615 2065 Atque
648 2002 721 2044 oum
755 1980 955 2045 celebrandis
988 2002 1008 2043 a
1035 1977 1140 2053 Vobis
1171 2001 1229 2062 per

80 2085 246 2167 proximos
275 2086 343 2150 dies
371 2086 472 2151 sacris
503 2086 724 2151 saecularibus
756 2086 822 2151 iam
855 2108 954 2170 nunc,
988 2087 1073 2171 quod
1107 2087 1229 2152 bonum

80 2191 222 2257 faustum
255 2193 333 2258 felix
367 2194 634 2277 fortunatumque
668 2195 728 2277 sit,
759 2193 959 2277 praefamur,
995 2197 1065 2259 tum
1098 2193 1227 2258 eosdem

79 2299 181 2363 animi
206 2321 320 2366 sensus
344 2301 399 2385 qui
424 2301 522 2364 etiam
545 2322 655 2365 coram
669 2299 772 2367 Vobis
792 2305 905 2364 nostro
924 2300 1056 2365 nomine
1079 2304 1227 2382 testetur,

80 2405 225 2491 legatum
249 2408 467 2473 academicum
486 2407 527 2472 ad
546 2405 613 2472 Vos
637 2407 787 2472 misimus
807 2407 840 2473 F.
860 2405 896 2470 B.
915 2410 1072 2488 nostrum,
1096 2405 1226 2472 Ordinis

79 2512 378 2580 Iureconsultorum
407 2513 438 2577 h.
466 2518 489 2578 t.
517 2513 680 2578 decanum
704 2515 904 2598 eundemque
936 2517 1133 2580 senatorem:
1165 2536 1228 2598 quo

78 2624 251 2702 praesente
278 2621 532 2704 praesentiorem
562 2643 600 2686 ex
628 2619 713 2685 festa
740 2621 867 2685 laetitia
893 2621 1034 2685 fructum
1065 2643 1124 2686 nos
1156 2642 1226 2703 per-

80 2731 232 2810 cepturos
260 2728 459 2793 confidimus.
504 2726 622 2792 Valete
645 2749 759 2812 resque
782 2731 912 2793 nostras
936 2727 1041 2793 Vobis
1065 2748 1226 2791 commen·

80 2833 176 2899 datas
198 2834 326 2901 habete.

169 2958 292 3028 Datum
316 2959 449 3040 Bonqae
473 2959 557 3025 Non.
583 2959 665 3043 Aug.
691 2981 717 3023 a.
742 2975 955 3024 nncccnvm.

584 3372 671 3434 .7.

80 3510 518 3578 Gratulationsadresse
543 3512 609 3577 der
632 3512 784 3577 Bonner
807 3510 1054 3575 Universit'at
1078 3534 1120 3575 au
1143 3512 1224 3576 dem

138 3618 369 3705 50jishrigen
391 3619 413 3683 J
419 3621 591 3685 ubil'aum
615 3620 680 3683 der
702 3618 885 3683 Berliner
908 3617 1162 3684 Universitiit.

167 3778 286 3845 Rcctor
314 3786 348 3846 et
371 3778 509 3846 Senatus
533 3780 544 3864 ΙΙ
560 3779 793 3845 Vniversitatis
817 3777 1012 3843 Fridericiae
1034 3776 1224 3842 Guilelmiae

76 3886 253 3952 Rhenanae
272 3887 284 3971 ΙΙ
302 3885 332 3951 S.
352 3886 386 3969 B.
406 3887 444 3951 D.
462 3888 473 3971 ΙΙ
490 3886 622 3952 Rectori
645 3885 819 3972 Magnifico
849 3884 1038 3968 Illustrique
1062 3881 1195 3950 Senatui
1214 3883 1223 3970 ll

75 3993 213 4059 Inclitae
238 3993 471 4059 Vniversitatis
494 3992 687 4057 Fridericiae
711 3992 905 4058 Guilelmiae
923 3991 934 4076 ΙΙ
952 3991 1182 4057 Berolinensis.

166 4119 236 4196 Quo
265 4120 416 4204 graviora
440 4122 473 4183 et
497 4119 694 4183 luctuosiora
718 4122 808 4201 sunt,
831 4138 913 4201 quae
938 4117 1135 4200 optimorum
1158 4121 1225 4181 stu·

74 4227 204 4292 dicrum
233 4226 541 4311 contentionumque
568 4225 873 4290 honestissimarum
896 4225 997 4290 veteri
1020 4227 1118 4307 atque
1142 4225 1224 4288 anti-

73 4356 159 4419 quae
186 4333 340 4418 dignitati
367 4333 510 4416 pericula
538 4334 578 4398 ab
608 4333 724 4397 horum
754 4332 865 4417 qualia
887 4332 1080 4415 ingruerunt
1101 4334 1224 4413 tempo·

72 4464 149 4506 rum
173 4440 372 4505 industriosa
394 4439 528 4504 levitate
551 4439 742 4524 sordidaque
766 4438 943 4523 cupiditate
966 4437 1033 4501 sive
1052 4436 1224 4502 imminent
