3006 5016
303 326 377 407 ouo
400 360 460 406 ora
484 360 670 407 nanneno
693 359 1015 408 rusurussruurar.
1189 343 1229 407 81

214 588 216 592 Α
284 560 324 610 18.
363 553 511 609 Gedioht
528 571 568 609 an
586 553 706 608 Helius
724 552 882 609 Eobcnus
900 553 1034 608 Hessus.

83 660 156 729 (Ans
177 660 263 715 ‘Helii
281 660 390 716 Ecbeni
410 661 490 716 Hessi
507 659 661 716 Heroidum
680 660 902 716 Christianarum
917 659 1071 730 Epistolce.
1091 675 1161 729 opus
1175 661 1232 715 No·

80 748 187 803 vitium
205 767 293 820 nuper
310 749 454 804 aeditum.’
478 747 607 819 Leipzig,
625 749 726 804 Melch.
746 748 844 804 Lotter
863 756 941 817 1511,
960 755 984 805 4.
1003 747 1083 802 Blatt
1101 748 1140 802 IX
1163 750 1232 803 Vor-

329 838 389 894 der·
409 837 465 893 und
485 837 647 907 anesseim
667 838 746 892 Blctt
764 837 789 890 X
807 836 995 906 Vordcrseite)

346 962 428 1018 Vitus
447 964 598 1018 Vnerlerns
618 962 650 1016 H.
671 961 786 1018 Ecbano
804 962 891 1018 Hesso
910 979 969 1018 suo.

302 1089 346 1143 An
365 1087 426 1157 quis
444 1104 500 1145 non
518 1087 613 1143 faveat
630 1087 684 1142 tibi
701 1104 754 1143 nec
772 1105 895 1157 unquam

337 1176 444 1233 Ardcat
460 1176 568 1248 ingenti
587 1176 678 1232 leudis
697 1193 792 1231 amore
811 1180 894 1232 tuce?

300 1267 345 1321 An
363 1284 419 1322 non
437 1266 563 1336 quisqdis
582 1266 666 1320 homo
684 1267 786 1335 probet
802 1266 924 1322 libenter

335 1357 422 1412 Dotes
440 1373 510 1424 ques
528 1355 639 1425 lingna,
658 1357 751 1409 mente
770 1356 921 1425 animoque
940 1357 1044 1413 refers?

302 1445 366 1501 Sive
384 1445 509 1499 infirmus
528 1460 575 1498 ero
594 1443 732 1511 simulque
750 1444 837 1500 febris

336 1524 390 1589 Hei
408 1533 483 1589 mele
502 1531 646 1588 defensam
664 1535 778 1601 torquet
796 1535 898 1589 acerba
916 1536 1019 1603 cutem,

303 1623 366 1679 Sive
384 1623 453 1678 insit
471 1622 569 1677 melior
587 1624 677 1677 status
695 1622 817 1678 virorum

335 1712 373 1767 Et
390 1711 469 1766 dicar
487 1712 553 1766 voto
572 1709 728 1766 dexteriore
747 1711 811 1781 frui,

302 1800 355 1856 Vel
373 1802 460 1855 terras
478 1815 598 1869 peragro
616 1816 705 1870 vagus
724 1804 860 1871 repostas,

338 1887 402 1943 Sive
421 1903 474 1957 ego
494 1885 547 1940 sim
566 1886 676 1955 vitreis,
694 1887 797 1956 Hcoso,
815 1889 924 1944 futurus
943 1891 1033 1958 equis,

301 1978 358 2032 Aut
375 1976 414 2032 sit
432 1993 492 2031 sors
510 1974 631 2045 propriis
649 1975 747 2047 iniqua
764 1978 856 2046 rebus,

336 2068 393 2121 Aut
411 2082 474 2121 mes
493 2064 602 2134 regales
620 2065 708 2120 archa
726 2066 856 2122 refundet
874 2084 959 2137 opes;

302 2156 333 2211 In
350 2170 472 2210 summas
492 2153 600 2208 vicibus
618 2153 693 2209 diem
711 2155 821 2211 reducit

339 2243 460 2300 Crinitus
479 2243 565 2299 radiis
583 2243 673 2299 donec
691 2244 794 2314 Apollo
812 2244 879 2315 suis,

301 2333 410 2390 Mellito
429 2332 501 2388 mihi
518 2333 626 2390 dulcior
644 2333 762 2403 liquore,

339 2422 439 2492 Crede,
457 2438 520 2477 mec
539 2438 650 2493 semper
668 2425 781 2493 pectore
800 2424 870 2480 fixus
889 2425 953 2480 cris.

301 2512 361 2567 Hoc
380 2511 469 2566 virtus
488 2511 590 2567 morito
608 2512 678 2568 lacit
695 2512 806 2583 decore,

340 2601 370 2656 Si
388 2601 457 2656 data
474 2600 574 2655 iuditio
593 2599 631 2654 sit
649 2604 699 2656 tue
713 2601 772 2657 vitu
790 2621 860 2659 meo.

305 2692 377 2748 Nam
395 2694 424 2747 te
443 2689 550 2745 tabifioi
568 2693 664 2746 movet
681 2707 732 2747 nec
751 2692 834 2748 ardor

338 2779 456 2848 Livoris,
475 2779 569 2833 vultus
588 2778 637 2833 sed
656 2778 716 2835 sine
734 2781 808 2836 nube
826 2781 913 2851 geris3

249 2894 251 2898 ·
304 2868 383 2924 Nulli
401 2868 540 2936 detrahis,
559 2867 688 2923 omnibus
707 2868 756 2924 sed
775 2886 881 2939 coquus

338 2959 430 3026 Amne
448 2956 536 3012 bonos
555 2958 616 3011 tcta
634 2957 782 3014 sedulitate
802 2959 884 3027 colis;

303 3048 368 3103 Non
385 3047 457 3102 vires
476 3047 564 3102 animi
583 3047 664 3103 dolor
682 3046 771 3117 quieti

338 3136 468 3206 Frangit,
486 3152 537 3190 nec
556 3152 653 3190 sensus
671 3135 714 3191 ira
732 3135 859 3192 animosa
877 3138 989 3208 premit,

304 3226 348 3280 Tu
365 3230 473 3281 rectum
492 3225 629 3295 sequeris,
648 3225 723 3295 fugio
742 3226 831 3294 mala,
850 3225 914 3282 inde
943 3213 947 3218 ’

339 3315 436 3372 Cultor
454 3313 596 3369 amicitiae
615 3313 729 3369 sedulus
748 3330 809 3369 esse
828 3315 909 3372 soles.

305 3405 368 3461 Non
385 3408 413 3459 te
433 3403 565 3459 destituit
582 3402 665 3458 fidele
684 3404 768 3458 robur

342 3492 483 3564 Corporis,
502 3494 531 3547 et
549 3491 665 3547 rutilum
684 3491 777 3546 fundis
797 3492 833 3548 ab
852 3510 899 3549 ore
918 3495 1008 3552 iubar.

305 3582 409 3638 Vidisti
428 3582 519 3638 varias
538 3579 644 3652 peritus
663 3581 755 3651 urbes,

341 3671 452 3728 Audisti
471 3671 561 3727 claros
580 3670 682 3726 clarior
700 3671 760 3742 ipse
779 3672 862 3745 viros,

306 3760 329 3817 0
348 3760 433 3818 foelix
451 3761 568 3815 nimium
587 3776 720 3828 sacerque
739 3762 826 3831 vates,

340 3851 475 3906 Doctrina
492 3848 591 3920 priscis
609 3849 816 3919 aequiparande
835 3852 914 3908 viris!

304 3938 347 3993 En
365 3938 493 3994 Phoebus
511 3938 564 3994 tibi
582 3937 656 3993 dona
674 3938 867 3995 subministrat

340 4028 400 4084 Nec
418 4030 506 4098 negat
522 4029 651 4082 auratum
670 4026 816 4098 Calliopea
833 4030 933 4099 lyram,

306 4118 367 4184 Qua
384 4116 473 4172 iretus
491 4116 575 4185 (bone
592 4115 728 4187 luppiter)
746 4118 897 4186 probatum

342 4207 414 4262 Mira
433 4205 569 4277 scripsisti
587 4195 736 4260 nobilsinte
755 4205 871 4276 librum,

305 4298 337 4352 In
355 4314 410 4367 quo
429 4294 609 4352 Christicolas
628 4295 711 4351 doces
730 4312 839 4352 sorores

340 4386 463 4441 Pulchra
479 4384 637 4442 verecundo
655 4385 743 4439 verbe
760 4384 857 4456 lepore
876 4387 963 4456 loqui.

305 4477 369 4533 Non
386 4476 463 4531 lusus
481 4473 598 4532 Veneris
616 4473 804 4544 libidinesque

134 4589 180 4627 ra.
203 4586 360 4623 arrscaanrr
380 4584 524 4621 orvscvan.
546 4586 569 4620 v.
1008 4577 1024 4626 6
