2940 5004
373 354 445 402 nvo
469 353 731 401 Pnounnnnnun
756 352 941 400 posumus.
1165 335 1231 399 565

137 497 189 546 482
214 492 286 558 Quoi
309 494 374 548 Ald.
400 493 454 561 Qui
477 494 613 549 BODoF.
637 506 689 549 om
713 492 824 559 abac
910 493 946 547 ad
964 491 1065 546 fundas
1084 492 1177 547 uiscus
1194 508 1230 547 ne

84 581 210 638 Botbius.
230 598 265 637 ne
279 581 316 636 ad
330 581 432 636 fundas
442 581 532 638 uiscus
543 583 609 638 libri
623 599 684 637 oum
698 581 725 634 A
780 581 873 636 uiscus
889 583 953 649 (pro
967 580 1086 649 uiscum)
1101 598 1114 635 o
1127 582 1230 636 Plauto

82 673 278 742 yrommoticus
300 672 465 727 Endlieluri
484 690 514 741 p.
533 678 570 727 97
589 673 671 739 affert
734 670 874 725 adher.0
934 670 1001 726 Post
1018 671 1092 724 nunc
1109 687 1134 725 o.
1153 673 1185 725 iu
1202 672 1230 725 B
1287 699 1289 703 >

81 765 234 831 sequamur
256 777 282 818 o.
306 767 359 817 551
366 767 463 817 -012
534 767 586 816 483
609 761 723 815 obtume
747 760 772 815 0
827 759 936 830 peiores
958 760 1083 815 Balbino.
1106 759 1234 830 periuras

84 851 150 905 libri
210 849 278 919 quip
296 850 332 904 B.
352 849 401 920 qui
421 851 477 906 01)
545 856 597 906 484
614 849 686 905 uisci
704 849 839 904 indebant
857 849 1001 904 erinna
1020 849 1064 904 uis
1077 850 1231 905 uindebant

83 939 124 992 ocl
138 937 439 996 uisuindebantBOD.
458 937 643 993 infundebant
657 938 693 992 F.
712 938 895 993 infundebam
911 938 937 990 Z
990 936 1090 1007 glouos
1104 937 1132 991 B
1177 943 1229 993 485

82 1080 123 1136 Eo
148 1082 331 1137 Camerarius.
355 1080 416 1151 Ego
439 1081 505 1135 libri
568 1077 687 1133 iussitB
751 1030 893 1135 funddmer
911 1079 941 1133 D
1004 1083 1056 1134 486
1075 1083 1139 1134 anie
1157 1078 1231 1145 Quid

77 1186 212 1239 personae
229 1171 350 1239 spatium
371 1169 426 1224 OD
486 1184 623 1238 quemque
642 1168 679 1235 F,
698 1168 797 1223 Dousa
819 1168 905 1238 Eapl.
930 1167 987 1233 IV,
1010 1174 1038 1223 2
1062 1184 1230 1237 quemquem
1274 1231 1279 1239 ,

81 1238 216 1325 noua,
234 1259 377 1314 amiran
395 1259 427 1313 u
446 1258 546 1328 naar.
567 1259 595 1327 1,
613 1263 639 1325 1,
659 1263 685 1312 s.
707 1257 748 1325 cf.
766 1258 933 1312 araneam.
949 1263 1002 1312 717
1074 1263 1126 1313 un
1146 1259 1229 1313 irrra-

81 1348 150 1403 cidit
173 1349 323 1403 versiculus
346 1364 408 1418 quo,
437 1348 505 1417 quid
528 1347 636 1402 tandem
661 1348 751 1401 uiscus
776 1349 916 1415 effecisset,
943 1348 1097 1416 opera-etur
1177 1353 1228 1402 488

81 1435 172 1491 crebri
197 1436 237 1491 iu
264 1440 301 1492 at·
314 1437 349 1491 8.
377 1436 467 1492 crebri
487 1436 532 1504 Ae,
558 1437 604 1491 seo
627 1441 659 1490 aa
684 1437 708 1489 A
734 1453 747 1490 e
773 1452 842 1491 corr.
868 1437 912 1505 su,
938 1436 974 1490 a.
1000 1421 1077 1491 erebi
1101 1436 1138 1490 aa
1164 1436 1228 1492 on.
1243 1447 1302 1487 vm

83 1525 174 1581 crebri
197 1526 232 1580 ad
250 1526 316 1583 FZ.
336 1526 380 1580 Ad
402 1529 513 1580 terram
529 1527 589 1579 tum
608 1525 698 1580 crebri
719 1527 914 1595 transponebat
928 1526 1108 1580 Herrnannus
1180 1525 1227 1580 de·

82 1614 214 1670 sidebant
231 1616 288 1669 ΓΖ
373 1620 424 1670 489
445 1614 586 1670 ceciderat
603 1615 678 1670 DcZ.
698 1615 841 1670 deciderat
859 1616 894 1672 F.
917 1614 1059 1671 occiderat
1076 1615 1229 1669 Lambinus

162 1706 303 1760 necabant
322 1705 503 1761 Camerarius,
523 1704 658 1759 necabam
673 1704 771 1771 OM,
794 1705 947 1769 Turnebus,
965 1703 1070 1760 Dorica.
1090 1705 1229 1773 negabam

79 1795 115 1849 B.
139 1795 258 1849 necabat
278 1795 304 1847 Z
383 1800 435 1849 400
454 1793 601 1864 gerebrum
620 1794 648 1846 B
725 1808 811 1862 pumu
828 1792 859 1845 F
937 1790 986 1845 sua
1004 1790 1057 1845 sibi
1077 1791 1152 1860 quasi
1171 1795 1227 1845 tur-

78 1886 170 1939 turem
193 1900 249 1938 uuo
272 1901 351 1938 uersu
376 1885 503 1939 concluso
526 1884 604 1949 libri,
627 1884 684 1937 nisi
706 1882 778 1951 quod
796 1899 850 1951 pro
868 1882 882 1934 l
884 1881 922 1935 ibi
941 1883 972 1936 in
990 1881 1020 1934 D
1038 1881 1059 1935 li
1077 1887 1123 1948 est,
1140 1879 1178 1936 iic
1197 1883 1229 1935 in

80 1973 147 2029 FZ.
167 1974 277 2028 Horum
300 1979 391 2028 autem
413 1991 473 2029 cum
497 1974 663 2029 cointructio
682 1974 768 2042 plone
786 1973 866 2026 nulla
883 1974 933 2040 sit,
957 1972 1129 2040 consequitur
1147 1987 1227 2040 quae-

79 2066 144 2119 dam
162 2064 331 2120 intercidisse
349 2064 422 2118 uelut
440 2064 478 2118 acl
496 2063 545 2117 boc
563 2063 726 2132 ennianum:
1114 2079 1116 2084 ·

256 2170 310 2225 Per
328 2170 471 2225 cerebrum
490 2169 576 2239 pinna
594 2185 645 2222 uua
663 2167 717 2223 sibi
737 2168 909 2239 [transfixa],
928 2167 1008 2236 quasi

255 2258 392 2331 [Captum
410 2261 528 2314 uenator
545 2273 630 2327 quom
649 2257 802 2329 transfigit]
822 2259 968 2312 turturem.

78 2365 276 2421 49884414ον4
349 2372 401 2421 493
421 2364 520 2421 faciam
540 2365 654 2420 Nouius
667 2382 696 2434 p.
717 2369 773 2420 424
840 2379 991 2433 numquam
1011 2363 1143 2435 Guyetus,
1161 2363 1227 2417 Rei-

80 2458 147 2511 zius.
168 2473 219 2511 nec
237 2473 371 2526 umquam
390 2457 464 2524 libri,
482 2456 595 2510 Nonius
648 2460 708 2510 494.
728 2470 847 2524 aequom
866 2457 910 2509 est
923 2455 1053 2524 Guyetus.
1073 2451 1117 2507 est
1130 2468 1227 2507 aecum

78 2546 114 2600 B.
134 2545 311 2614 estnequam
330 2546 430 2616 reliqui
491 2545 623 2601 credere
642 2544 699 2598 ΡΖ
775 2550 826 2599 498
848 2544 959 2598 Mrem
975 2543 1063 2597 tribui
1081 2560 1141 2596 cum
1159 2541 1226 2595 FZ:

79 2633 198 2688 Lenos!
221 2636 385 2689 continuant
407 2634 506 2690 ΒΘΗ.
533 2634 606 2704 Quos
627 2639 734 2688 secutus
759 2652 777 2686 a
799 2633 872 2689 Volo
893 2633 1032 2686 Mrcrrsu
1053 2632 1227 2699 incipientem

80 2726 146 2793 fecit
164 2724 283 2778 R'storis
301 2740 362 2778 cunr
381 2740 461 2793 eoque
482 2724 680 2777 Tonbrnonnus
743 2728 795 2777 498
814 2720 884 2775 mibi
898 2737 953 2790 pro
972 2719 1024 2775 tibi
1041 2721 1069 2774 B
1123 2718 1228 2774 morior

81 2812 105 2868 0
125 2818 189 2867 ante
211 2829 266 2867 ras.
345 2817 406 2866 497.
425 2817 477 2866 498
500 2812 555 2866 duo
579 2827 671 2866 versus
693 2815 758 2865 sunt
777 2811 809 2863 in
826 2809 862 2877 A,
881 2823 997 2879 quorum
1013 2808 1079 2864 boec
1096 2807 1236 2876 reliquiae·

80 2906 284 2973 apparuerunt:

244 3025 437 3081 AUSCULTs
460 3052 800 3065 ················
821 3022 871 3108 uo
893 3052 898 3063 -
919 3019 1085 3110 uuo··u0

137 3173 141 3177 .
241 3132 464 3198 coa-uiuo
485 3160 624 3172 -------
646 3127 1082 3185 uuuuuuuuuauonruu

82 3262 140 3316 Pro
159 3262 258 3332 quibus
277 3274 363 3312 unum
380 3258 454 3312 bunc
472 3273 533 3310 curu
550 3257 663 3326 reliquis
681 3256 709 3310 B
726 3256 817 3311 babet:

239 3385 269 3440 L.
289 3382 429 3439 Ausculta.
449 3384 481 3436 A.
500 3398 556 3436 non
574 3381 667 3436 hercle
686 3384 766 3435 tuum
785 3380 841 3436 iam
861 3379 963 3435 elidam
983 3382 1075 3449 caput.

84 3512 137 3566 Vbi
155 3513 208 3565 Au.
232 3508 357 3564 ausculta
379 3526 446 3563 nam
470 3508 564 3564 hercle
588 3509 667 3562 tuum
690 3506 747 3560 iam
766 3505 839 3574 FZ,
862 3507 916 3569 An.
936 3503 1078 3560 Ausculta.
1100 3503 1150 3558 Li.
1169 3520 1225 3556 non

79 3599 182 3655 hercle.
201 3599 255 3653 Au.
276 3597 361 3652 immo
386 3597 443 3652 iam
463 3598 647 3653 Camerarius.
671 3614 728 3652 non
745 3614 799 3667 pro
822 3613 888 3651 nam
910 3597 992 3650 etiarn
1012 3593 1130 3663 Pyladis
1148 3593 1224 3647 codd.

78 3694 136 3744 aut.
192 3693 243 3741 499
266 3685 328 3739 Nisi
351 3687 400 3739 aut
422 3686 542 3741 Reizius.
565 3684 625 3740 Nifi
648 3686 714 3741 libri
786 3685 809 3738 is
833 3683 898 3738 hinc
920 3684 949 3737 in
970 3682 1097 3753 Pylades.
1123 3680 1177 3736 ibis
1196 3680 1225 3734 in

79 3831 293 3899 Kamprnonnus
315 3828 347 3881 dc
368 3838 403 3878 ln
416 3845 511 3896 praep.
528 3845 558 3896 p.
578 3834 616 3883 32
684 3786 833 3913 malduit*
900 3832 952 3881 800
971 3826 1076 3880 Malam
1095 3825 1123 3879 iu
1143 3826 1224 3878 Lom·

79 3939 170 3993 binus.
189 3934 294 3990 Malam
313 3934 387 3999 libri,
413 3934 554 3989 Bentleius
572 3935 604 3988 in
624 3934 684 3989 Ter.
705 3935 817 3990 Plrorm.
843 3933 875 4002 V,
894 3940 921 4000 8,
940 3939 986 3999 37,
1004 3940 1035 3988 ul
1056 3933 1223 3987 Menocclun.

78 4033 145 4084 328.
164 4028 195 4081 Iu
210 4023 313 4079 malam
333 4023 473 4078 Goellerus
491 4026 522 4078 in
542 4024 625 4079 Truc.
640 4029 706 4093 260,
725 4024 938 4094 Kampmannus
1028 4035 1224 4078 oaauunuusu

78 4117 113 4174 A.
138 4118 281 4172 seriumne
304 4113 345 4168 est
367 4115 467 4183 reliqui
541 4120 592 4168 891
617 4114 702 4182 bono]
725 4115 831 4169 biotam
854 4131 903 4169 ouo
926 4116 1004 4169 ruoilo
1029 4113 1225 4168 Lacbmannus

80 4207 200 4276 88880444
222 4205 254 4257 in
277 4203 360 4257 Inccn
381 4221 411 4273 p.
435 4208 489 4258 195
544 4202 690 4273 aphrodiis
709 4203 800 4279 BGD
823 4206 889 4273 (non
913 4204 950 4270 A)
1015 4209 1065 4257 502
1086 4203 1174 4269 tuam]
1194 4204 1224 4254 tu

78 4313 125 4348 um
143 4295 171 4347 B
232 4290 405 4346 meretricem
429 4291 500 4346 mihi
522 4292 558 4346 R.
582 4291 652 4345 mihi
676 4291 851 4347 meretricem
874 4293 940 4347 libri
994 4290 1227 4347 munusculamG

133 4389 184 4436 803
203 4380 235 4434 Ε.
262 4381 305 4433 lta
323 4379 364 4446 B,
383 4379 547 4436 Saracenas.
567 4381 608 4435 ita
632 4383 743 4434 Mrem
766 4373 956 4436 continuantes
979 4383 1078 4451 reliqui
1154 4380 1224 4434 mibi

80 4471 175 4527 diuina
197 4470 259 4537 Da,
280 4472 326 4527 aed
350 4469 435 4525 :mihi
458 4468 571 4526 :diuina
594 4471 640 4528 Db
704 4487 734 4527 re
753 4470 802 4527 Do
874 4474 927 4526 504
950 4469 1041 4524 omnis
1061 4487 1121 4526 curu
1145 4471 1224 4525 libris
