3006 5016
311 356 382 402 UNI)
409 356 467 402 Dlli
492 355 678 401 LEIPZIGER
702 354 1020 402 PLAUTUSSTUDIEN.
1195 337 1235 400 ssl

570 526 715 594 Anhang
737 526 763 581 L

226 659 379 724 Proben
406 659 474 722 der
496 659 762 724 lateinischcn
787 658 908 723 Prosa
927 659 1105 724 Werler‘s.

653 837 677 902 I.

163 959 240 1015 Briet
262 979 299 1016 an
322 961 416 1016 scinen
440 959 593 1015 Pensionltr
616 960 771 1029 Dragstadt
794 975 843 1013 aus
867 958 1011 1028 Eisleben,
1044 959 1086 1013 als
1114 958 1238 1014 Vorrcde

89 1049 283 1118 vorgcdruclrt
301 1049 434 1104 Werler's
453 1049 583 1118 Ausgabe
607 1066 662 1103 ron
685 1049 749 1102 ssnf
766 1065 858 1118 sogen.
879 1048 1082 1103 Lucianischen
1101 1048 1238 1117 Dialogen

90 1139 201 1208 (hotter
221 1143 309 1208 1513),
328 1138 386 1193 Fol.
409 1145 439 1192 lv
457 1137 500 1191 bis
519 1138 577 1192 sol.
598 1145 638 1192 3'.

164 1263 224 1316 Viti
234 1263 362 1317 Vuerleri
382 1261 547 1317 Sultzveldii
565 1261 762 1332 philosophiae
781 1263 920 1333 politioris
938 1262 1067 1332 magistri
1086 1263 1122 1317 ad
1140 1255 1324 1317 mode-101.1V

93 1351 246 1406 atissimum
275 1354 304 1406 ct
333 1350 559 1406 honestissimum
588 1351 795 1406 adulescentem
821 1353 1010 1407 Alexandrum
1039 1352 1237 1422 Drsgstadium

92 1441 300 1510 Eyslebensem,
319 1440 487 1510 discipulum
506 1458 586 1493 suum
606 1441 791 1495 domesticum
810 1442 940 1512 epistola.

184 1532 256 1596 Qum
281 1547 369 1600 nuper
391 1530 483 1584 latina
502 1529 639 1598 quaedam
660 1531 777 1584 ethaeo
795 1548 851 1585 non
870 1548 969 1600 parum
989 1531 1079 1584 multa
1097 1529 1238 1585 variorum

95 1620 262 1689 scriptorum
281 1618 424 1673 volumina
441 1619 471 1672 in
485 1636 585 1673 manus
600 1619 788 1688 sumpsissem,
809 1620 967 1675 Alexander
986 1619 1025 1674 mi
1038 1620 1237 1675 iucundissime

94 1712 179 1778 atque
198 1708 412 1776 amabilissime,
439 1725 496 1762 non
515 1707 628 1762 omnino
652 1707 851 1777 intempestive
871 1726 900 1763 se
919 1711 986 1763 tunc
1006 1709 1167 1763 obtulerunt
1186 1709 1239 1762 Lu-

95 1798 167 1852 ciani
182 1797 377 1852 Samosataani
396 1797 518 1852 hominis
537 1814 603 1852 sane
618 1797 694 1851 docti
708 1813 759 1851 nec
774 1797 906 1851 ineruditi
926 1815 1012 1866 opera
1031 1800 1089 1851 tum
1110 1799 1145 1853 de
1164 1799 1238 1851 veris

75 1887 302 1942 narrationibus
326 1886 482 1956 perscripta
503 1885 724 1940 luculentissime
743 1888 803 1939 tum
823 1887 857 1939 de
877 1886 940 1940 aliia
966 1903 1076 1954 quoque
1096 1887 1178 1941 rebus
1197 1903 1239 1940 re·

97 1976 216 2032 conditis
235 1991 268 2029 ac
283 1974 356 2028 scitu
370 1974 542 2045 dignissimis
556 1974 742 2044 pulcherrime
756 1975 954 2044 verissimeque
969 1976 1141 2030 elucubrata.
1162 1975 1238 2041 Quae

94 2065 160 2119 dum
180 2064 277 2119 ordine
297 2081 361 2130 suo,
387 2064 426 2118 dii
445 2064 525 2130 boni,
549 2065 594 2118 vix
613 2064 706 2119 verbis
726 2064 859 2132 consequi
877 2081 990 2134 possum
1010 2069 1115 2133 quanto
1134 2065 1238 2134 gaudio

97 2157 256 2223 quantaque
276 2152 364 2208 animi
382 2153 537 2221 alacritate,
556 2156 589 2208 ut
607 2171 734 2224 quaeque
753 2157 835 2209 erant
853 2155 1000 2224 collocata,
1019 2155 1191 2209 tumultuose
1211 2158 1240 2207 et

96 2243 241 2297 saltuatim
266 2242 477 2311 percurrissem,
505 2242 591 2297 incidi
617 2244 730 2298 tandem
756 2244 786 2297 in
810 2244 934 2300 eiusdem
961 2244 1084 2300 auctoris
1110 2244 1238 2313 dialogos

95 2335 175 2387 tanto
199 2331 311 2385 dicendi
329 2332 439 2399 lepore,
462 2332 542 2385 tanto
562 2331 654 2398 cultu,
677 2334 758 2386 tanta
781 2332 900 2400 denique
925 2334 1073 2388 verborum
1097 2333 1240 2402 elegantia

95 2422 284 2489 concinnatos,
303 2422 335 2474 ut
353 2420 446 2474 dicere
465 2419 554 2474 ausim
573 2420 686 2474 illorum
706 2421 880 2488 frequentem
900 2439 933 2475 ac
948 2422 1074 2476 sedulam
1088 2421 1239 2475 lectionem

96 2513 124 2563 et
146 2510 183 2564 ad
206 2509 332 2579 linguam
354 2508 494 2564 lacialiter
518 2510 698 2564 excolendam
724 2512 753 2564 et
776 2510 919 2565 advitam
942 2514 1066 2566 nostram
1090 2510 1239 2565 salubriter

94 2599 295 2653 instituendam
314 2597 373 2653 iore
400 2598 498 2667 procul
522 2599 607 2653 dubio
632 2599 956 2655 accommodatissimam.
997 2601 1055 2656 Hos
1083 2600 1239 2655 eneruatius
1265 2623 1266 2627 ¹

96 2689 160 2761 dnm
184 2687 285 2741 iterum
310 2690 393 2758 atque
415 2689 518 2742 iterum
542 2688 729 2757 perlegerem,
757 2705 801 2741 res
825 2705 891 2743 sane
917 2690 1003 2758 digna
1025 2689 1085 2743 visa
1108 2692 1150 2743 est
1167 2706 1239 2757 quae

96 2777 184 2832 oculis
203 2776 354 2831 multorum
374 2778 571 2844 subiiceretur,
590 2794 624 2831 ne
642 2777 672 2830 in
690 2777 745 2831 hac
766 2776 893 2845 Lipssnsi
912 2777 1050 2832 litteraria
1068 2769 1195 2847 palestra
1210 2780 1241 2832 et

97 2865 270 2935 amplissima
289 2869 318 2920 et
335 2867 543 2933 florentissima,
566 2867 595 2919 in
614 2883 670 2935 qna
688 2884 754 2934 qum
773 2866 892 2921 aliarum
912 2869 1016 2921 arcium
1036 2868 1094 2921 fere
1113 2869 1238 2922 omniurn

97 2957 154 3008 tum
173 2955 349 3024 potissimum
367 2955 506 3024 politioris
525 2955 700 3009 litteraturae
714 2972 858 3023 nunquam
873 2956 941 3009 satis
954 2955 1099 3010 laudatum
1114 2957 1237 3011 studium
1252 2956 1321 3013 sorsr

97 3044 136 3098 ita
159 3044 249 3113 viget,
277 3044 381 3099 colitur
403 3047 577 3114 augeturque
600 3044 629 3097 in
652 3044 711 3098 dies
735 3044 839 3114 magis,
867 3043 909 3098 its
928 3045 1050 3114 optimus
1069 3046 1187 3115 quisque
1206 3063 1239 3100 ex

100 3136 194 3188 vatum
214 3135 411 3201 oratorumque
434 3150 549 3187 numero
569 3149 602 3186 sa
620 3132 866 3202 interpretatione,
893 3151 965 3202 quse
984 3135 1192 3190 accuratissima
1211 3139 1240 3190 et

80 3221 313 3292 =diligentissima
340 3238 401 3277 esse
429 3225 540 3292 potest,
568 3221 778 3277 studiosissimis
806 3225 835 3277 et
862 3224 933 3279 bene
961 3225 1036 3278 natis
1064 3225 1240 3280 scholasticis

99 3314 250 3379 enarratur,
269 3312 344 3366 solus
359 3311 498 3367 Lucienus
516 3311 595 3365 nulls
609 3329 660 3366 sua
678 3311 762 3380 culpa
780 3328 809 3365 se
828 3312 908 3380 quasi
928 3313 1069 3368 desertum
1087 3315 1164 3368 etin
1181 3330 1239 3367 me-

99 3400 142 3454 dio
161 3400 291 3455 relictum
311 3417 370 3455 esse
389 3402 425 3456 sb
445 3401 573 3456 omnibus
587 3401 688 3454 harum
702 3399 806 3454 arcium
823 3400 990 3456 doctissimis
1005 3405 1035 3458 et
1048 3401 1239 3457 disertissimis

99 3489 300 3558 professoribus
324 3489 456 3558 conqueri
479 3491 539 3544 iure
555 3478 661 3558 possit.
699 3489 790 3543 Motus
813 3489 909 3558 itaqua
933 3492 978 3545 vel
1002 3493 1055 3546 hac
1079 3493 1139 3546 sols
1156 3507 1240 3545 causa

99 3596 158 3633 meo
181 3578 285 3633 iudicio
308 3577 381 3633 sicut
403 3579 599 3634 honestissima
622 3579 664 3633 ita
687 3577 804 3633 fortasse
828 3597 883 3633 non
902 3581 973 3635 nihil
990 3582 1097 3635 fructus
1116 3583 1146 3634 et
1165 3581 1239 3634 utili·

98 3668 162 3722 tatis
186 3668 308 3722 allatura
333 3668 469 3736 quosdam
492 3667 604 3722 libellos
628 3686 646 3723 a
663 3669 788 3723 Luciano
807 3669 974 3724 nitidissimo
994 3673 1106 3724 auctore
1126 3671 1162 3724 ad
1182 3687 1239 3723 mo-

99 3757 163 3811 dum
186 3757 363 3826 dialogorum
381 3759 510 3812 exaratos
529 3773 562 3810 ac
580 3760 678 3811 nostra
696 3761 728 3812 ut
747 3773 828 3826 spero
848 3774 934 3827 opera
952 3757 1059 3812 curiose
1078 3759 1239 3829 diligenter·

99 3863 151 3914 qne
170 3844 325 3914 castigatos
344 3844 419 3916 typis
439 3846 646 3901 venustioribus
666 3847 786 3916 effigiari
805 3848 834 3900 et
852 3846 880 3899 in
895 3846 1037 3916 publicum
1052 3847 1164 3915 prodire
1179 3860 1239 3916 per·

97 3934 159 3988 misi
188 3934 297 4002 tibique
326 3951 358 3988 ac
386 3934 515 3990 omnibns
544 3935 653 4005 cupidis
682 3935 806 3989 eiusdem
830 3934 916 3988 studii
940 3934 1087 3990 iuvenibus
1109 3936 1240 3991 brevibus

97 4024 265 4091 quibusdam
285 4023 522 4078 commentariolis
545 4024 716 4079 lucidissime
735 4023 877 4077 illustrare
895 4026 925 4078 et
942 4024 1103 4092 planissime
1122 4026 1241 4080 etmihi

96 4112 187 4168 facere
206 4113 303 4167 videor
321 4113 499 4183 interpretari
518 4113 658 4168 constitui.

168 4202 219 4256 Cui
238 4204 333 4255 autem
353 4201 404 4256 hos
424 4220 507 4271 quam
527 4203 579 4257 tibi
598 4203 695 4271 pocius
714 4201 896 4271 nuncupatim
914 4200 1072 4257 dedicarem
1088 4221 1143 4259 non
1157 4204 1240 4259 facile

96 4292 228 4347 veniebat
237 4280 310 4345 mihi
319 4289 349 4365 in
358 4294 489 4359 mentem,
499 4292 563 4346 Tibi
575 4291 698 4361 inquam,
709 4291 749 4345 mi
758 4289 915 4345 Alexander
925 4292 1154 4362 suavissime,qui
1165 4294 1241 4349 cultu

95 4382 314 4437 cultissimomm
332 4383 479 4450 poetarum
498 4397 531 4435 ac
551 4383 691 4436 oratorum
711 4379 804 4435 studia
823 4380 863 4434 ita
883 4380 1013 4436 sicienter
1033 4385 1060 4437 et
1074 4383 1157 4438 avide
1170 4384 1240 4438 hau-

94 4470 142 4544 ris,
161 4473 268 4526 utnon
287 4472 347 4525 tarn
366 4471 481 4527 stimulo
499 4488 584 4541 quam
602 4470 681 4527 freno
700 4469 868 4542 quandoque
888 4486 969 4540 egere
983 4471 1112 4527 videaris.
1139 4474 1241 4545 Agitur
