2910 5010
589 390 745 438 nunnus.
1174 373 1237 436 759

93 532 226 617 attinet,
261 555 325 598 non
358 533 452 598 licuit
478 552 535 618 ru,
570 533 660 598 cuius
698 535 762 598 scis
796 537 916 619 quanto
945 533 1049 600 teneri
1077 532 1236 598 desiderio

91 640 228 724 soleam,
263 640 297 704 in
329 640 563 704 iucundissimo
596 640 741 724 hospitio
769 641 948 706 Dresdeusi
981 663 1090 707 eoram
1117 640 1236 704 intueri

91 751 189 831 atque
226 746 390 831 appellare
422 765 586 825 rvnuovu
619 747 750 812 virtutis
785 750 1025 815 venerationem
1058 771 1130 814 cum
1163 770 1236 813 sua-

91 853 233 918 vissimis
261 854 373 918 amicis
403 858 436 919 ct
463 854 677 921 familiaribus
706 857 958 941 communicare,
982 879 1119 942 qnorum
1143 879 1235 941 prae·

91 962 196 1025 sentia
226 960 350 1025 conicio
380 961 478 1027 istum
508 981 553 1027 ru
582 964 729 1047 praeside
752 964 914 1029 illustrem
944 970 1139 1029 conventum
1162 987 1235 1030 con-

89 1068 242 1133 decorari.
289 1067 381 1144 Quod
408 1069 536 1154 quidem
566 1090 724 1154 pergrave
754 1071 836 1136 mihi
868 1072 1023 1138 damnum
1056 1077 1093 1137 ut
1125 1073 1234 1157 aliquo

91 1174 187 1240 modo
207 1176 396 1240 resarcirem
417 1199 586 1262 meamque
605 1178 749 1242 absentis
767 1180 958 1244 memoriam
978 1201 1051 1244 cum
1072 1198 1144 1243 r1u1
1163 1182 1233 1244 tum

89 1286 141 1348 tot
167 1283 251 1348 caris
282 1283 443 1368 capitibus
472 1285 727 1370 redintegratam
756 1289 788 1350 et
811 1286 927 1351 saltem
956 1288 1002 1352 sic
1030 1309 1105 1370 pars
1129 1308 1234 1351 essem

89 1389 288 1456 laetissimae
317 1390 482 1455 societatis
518 1394 658 1477 vestrae,
686 1392 766 1457 haec
796 1392 837 1457 ad
864 1411 908 1456 vu
940 1393 1013 1456 misi
1047 1391 1086 1455 de
1116 1391 1187 1457 loco
1216 1414 1232 1457 e

89 1497 313 1579 communibus
331 1497 452 1562 litteris
471 1498 574 1581 petito
593 1521 695 1582 nuper
713 1500 903 1583 perscripta.
940 1498 1028 1575 Quae
1052 1517 1123 1562 rial
1142 1520 1234 1562 sacra

89 1607 199 1669 essent
221 1605 321 1669 etiam
343 1622 408 1669 non
434 1609 635 1671 consecrata:
668 1624 738 1670 visi
768 1607 853 1671 enim
882 1609 1015 1689 accepta
1043 1605 1235 1690 referuntur,

90 1712 224 1795 quinon
239 1714 368 1776 tantum
382 1712 423 1777 ad
438 1712 651 1777 humanitatis
667 1713 775 1778 studia
789 1718 821 1778 et
835 1714 906 1797 ipse
926 1717 958 1776 et
977 1735 1035 1797 per
1055 1711 1233 1798 Reisigium

88 1836 184 1882 'rvvu
209 1817 426 1902 Lobeclriique
454 1838 513 1884 rvl
538 1817 758 1904 Spitancrum,
783 1842 863 1904 quos
889 1843 960 1884 cum
984 1823 1035 1885 tot
1058 1819 1134 1885 aliis
1154 1820 1232 1883 viris

88 1942 180 1989 'rvarr
208 1929 302 2010 grata
325 1924 482 1991 Borussia
509 1926 697 2011 disciplinae
725 1927 835 2010 debet,
859 1927 937 1990 olim
961 1949 1012 1991 me
1036 1927 1233 2012 informaris,

87 2033 144 2097 sed
181 2033 280 2098 etiam
310 2032 441 2117 horum,
474 2057 557 2118 quac
587 2034 627 2098 ad
663 2034 823 2099 comicum
856 2037 1018 2118 spectant,
1052 2033 1232 2098 studiorum

87 2161 170 2204 unus
199 2141 278 2230 mihi
307 2140 370 2204 dux
398 2143 432 2205 et
459 2141 530 2205 sola
552 2145 681 2225 practer
713 2140 858 2204 divinum
887 2139 1034 2205 Britanni
1066 2140 1232 2226 ingenium

86 2248 143 2312 lux
171 2248 342 2312 exstiteris.
389 2247 511 2325 Quodsi
535 2269 605 2312 eam
638 2248 743 2330 ipsam
772 2270 903 2332 operam
932 2265 1042 2332 rvnor,
1075 2270 1139 2332 qua
1162 2252 1231 2312 tam

85 2355 286 2439 praeclaram
305 2355 392 2419 viam
412 2354 568 2438 stravisti,
591 2354 763 2438 aliquoties
782 2377 868 2419 nunc
891 2354 1096 2439 impugnavi:
1119 2355 1151 2419 id
1175 2355 1232 2420 ubi
1304 2367 1306 2369 ’

87 2466 172 2528 recte
201 2462 322 2546 fecero,
352 2461 484 2526 minime
512 2460 623 2526 dubito
654 2461 731 2546 quin
755 2462 840 2527 idem
864 2465 921 2526 ant
944 2462 1067 2546 pridem
1091 2463 1160 2546 ipsc
1184 2463 1231 2527 in-

85 2570 248 2635 tellexeris
281 2572 338 2634 aut
366 2590 477 2634 eorum
505 2590 587 2653 quac
611 2568 691 2632 mihi
715 2568 880 2654 contigere
911 2568 1147 2652 praesidiorum
1170 2591 1230 2634 usu

85 2677 160 2741 ilico
184 2675 413 2759 intellexissem
440 2676 497 2740 ubi
520 2676 627 2740 minus
650 2678 749 2757 recte,
772 2674 858 2739 haud
882 2678 1015 2759 gravate
1044 2674 1139 2739 liberi
1162 2675 1230 2740 lau·

85 2783 181 2848 detor
198 2782 264 2847 oris
284 2781 490 2847 condonabis.
527 2780 623 2865 Vale,
643 2781 810 2846 carissime
830 2780 1045 2864 Hennaeus,
1068 2782 1117 2846 vir
1137 2782 1230 2847 laude

83 2911 158 2955 mea
180 2889 325 2974 qualibet
347 2889 463 2954 maior:
491 2893 683 2973 nostrasque
702 2888 837 2973 litteras,
862 2888 947 2972 quod
972 2909 1028 2971 per
1051 2893 1102 2953 tot
1125 2889 1229 2954 lustra

84 2996 206 3080 fecisti,
228 3019 293 3061 non
316 2995 459 3060 Drcsdae
482 3000 624 3079 tantum,
648 2996 705 3060 sed
728 3017 786 3080 per
808 2995 965 3079 plurimos
989 3017 1091 3059 annos
1118 3015 1229 3080 regere

82 3124 196 3188 perge:
224 3123 322 3188 perge
346 3103 428 3167 bene
451 3102 531 3167 mihi
555 3102 652 3187 velle,
676 3102 760 3166 etsi
783 3101 1098 3187 quiphilologorum
1122 3102 1228 3186 auspi·

83 3214 156 3275 cato
194 3228 263 3275 rvo
297 3208 514 3274 moderamine
546 3210 736 3274 laetantium
770 3209 850 3274 mihi
887 3210 968 3275 bene
1001 3210 1124 3294 volent,
1155 3231 1227 3273 mco

81 3316 227 3399 nomine,
251 3316 279 3380 si
302 3316 351 3380 fas
375 3320 425 3381 est
448 3311 569 3403 petere,
593 3318 708 3381 saluta.

174 3492 360 3560 scribebam
383 3494 518 3561 Bonnae
541 3497 570 3561 X
595 3494 680 3561 ΚΑΒ.
705 3495 786 3560 Ocr.
810 3519 838 3561 a.
862 3513 1186 3563 clolocccxxxxrm.
