<?xml version="1.0" encoding="UTF-8"?>
<!DOCTYPE html PUBLIC "-//W3C//DTD XHTML 1.0 Transitional//EN"
    "http://www.w3.org/TR/xhtml1/DTD/xhtml1-transitional.dtd">
<html xmlns="http://www.w3.org/1999/xhtml" xml:lang="en" lang="en">
 <head>
  <title>
</title>
<meta http-equiv="Content-Type" content="text/html;charset=utf-8" />
  <meta name='ocr-system' content='tesseract 3.04.00' />
  <meta name='ocr-capabilities' content='ocr_page ocr_carea ocr_par ocr_line ocrx_word'/>
</head>
<body>
  <div class='ocr_page' id='page_1' title='image "./fridericiritsch05wachgoog_0307.png"; bbox 0 0 2992 5004; ppageno 0'>
   <div class='ocr_carea' id='block_1_1' title="bbox 199 314 1056 381">
    <p class='ocr_par' dir='ltr' id='par_1_1' title="bbox 199 314 1056 381">
     <span class='ocr_line' id='line_1_1' title="bbox 199 314 1056 381; baseline -0.001 -1"><span class='ocrx_word' id='word_1_1' title='bbox 199 314 266 380; x_wconf 81' lang='lat'><strong>290</strong></span> <span class='ocrx_word' id='word_1_2' title='bbox 483 331 748 381; x_wconf 79' lang='lat' dir='ltr'><strong>raonnconnns</strong></span> <span class='ocrx_word' id='word_1_3' title='bbox 773 332 820 379; x_wconf 84' lang='lat' dir='ltr'><strong>nn</strong></span> <span class='ocrx_word' id='word_1_4' title='bbox 844 331 1056 381; x_wconf 79' lang='lat' dir='ltr'><strong>anrronrnvs</strong></span> 
     </span>
    </p>
   </div>
   <div class='ocr_carea' id='block_1_2' title="bbox 130 472 1354 4524">
    <p class='ocr_par' dir='ltr' id='par_1_2' title="bbox 200 472 1351 1522">
     <span class='ocr_line' id='line_1_2' title="bbox 200 472 1346 560; baseline -0.002 -21"><span class='ocrx_word' id='word_1_5' title='bbox 200 475 362 559; x_wconf 88' lang='lat' dir='ltr'><strong>scriptura</strong></span> <span class='ocrx_word' id='word_1_6' title='bbox 384 473 466 539; x_wconf 88' lang='lat' dir='ltr'><strong>nihil</strong></span> <span class='ocrx_word' id='word_1_7' title='bbox 491 473 553 539; x_wconf 85' lang='lat' dir='ltr'><strong>sibi</strong></span> <span class='ocrx_word' id='word_1_8' title='bbox 577 474 711 541; x_wconf 78' lang='lat' dir='ltr'><strong>calidius</strong></span> <span class='ocrx_word' id='word_1_9' title='bbox 735 475 929 560; x_wconf 86' lang='lat' dir='ltr'><strong>persuadeat</strong></span> <span class='ocrx_word' id='word_1_10' title='bbox 957 475 1022 540; x_wconf 89' lang='lat' dir='ltr'><strong>nisi</strong></span> <span class='ocrx_word' id='word_1_11' title='bbox 1045 472 1131 559; x_wconf 90' lang='lat' dir='ltr'><strong>quod</strong></span> <span class='ocrx_word' id='word_1_12' title='bbox 1153 474 1187 538; x_wconf 92' lang='lat' dir='ltr'><strong>in</strong></span> <span class='ocrx_word' id='word_1_13' title='bbox 1210 474 1269 538; x_wconf 92' lang='lat' dir='ltr'><strong>illo</strong></span> <span class='ocrx_word' id='word_1_14' title='bbox 1294 496 1346 537; x_wconf 86' lang='lat' dir='ltr'><strong>ex·</strong></span> 
     </span>
     <span class='ocr_line' id='line_1_3' title="bbox 200 580 1348 667; baseline -0.003 -21"><span class='ocrx_word' id='word_1_15' title='bbox 200 586 287 646; x_wconf 88' lang='lat' dir='ltr'><strong>stare</strong></span> <span class='ocrx_word' id='word_1_16' title='bbox 310 581 390 666; x_wconf 89' lang='lat' dir='ltr'><strong>ipsis</strong></span> <span class='ocrx_word' id='word_1_17' title='bbox 414 581 521 646; x_wconf 87' lang='lat' dir='ltr'><strong>verbis</strong></span> <span class='ocrx_word' id='word_1_18' title='bbox 545 585 660 667; x_wconf 89' lang='lat' dir='ltr'><strong>tester,</strong></span> <span class='ocrx_word' id='word_1_19' title='bbox 693 584 839 648; x_wconf 90' lang='lat' dir='ltr'><strong>omnium</strong></span> <span class='ocrx_word' id='word_1_20' title='bbox 868 586 976 649; x_wconf 89' lang='lat' dir='ltr'><strong>antem</strong></span> <span class='ocrx_word' id='word_1_21' title='bbox 1007 582 1139 646; x_wconf 90' lang='lat' dir='ltr'><strong>minime</strong></span> <span class='ocrx_word' id='word_1_22' title='bbox 1162 580 1267 644; x_wconf 86' lang='lat' dir='ltr'><strong>ineis</strong></span> <span class='ocrx_word' id='word_1_23' title='bbox 1291 601 1348 663; x_wconf 86' lang='lat' dir='ltr'><strong>pa·</strong></span> 
     </span>
     <span class='ocr_line' id='line_1_4' title="bbox 200 686 1349 791; baseline -0.003 -38"><span class='ocrx_word' id='word_1_24' title='bbox 200 689 302 775; x_wconf 90' lang='lat' dir='ltr'><strong>ginis,</strong></span> <span class='ocrx_word' id='word_1_25' title='bbox 334 711 417 791; x_wconf 79' lang='lat' dir='ltr'><strong>qqae</strong></span> <span class='ocrx_word' id='word_1_26' title='bbox 445 688 616 754; x_wconf 79' lang='lat' dir='ltr'><strong>fortiorem</strong></span> <span class='ocrx_word' id='word_1_27' title='bbox 644 689 777 755; x_wconf 90' lang='lat' dir='ltr'><strong>lituram</strong></span> <span class='ocrx_word' id='word_1_28' title='bbox 805 713 922 774; x_wconf 86' lang='lat' dir='ltr'><strong>passae</strong></span> <span class='ocrx_word' id='word_1_29' title='bbox 951 693 1041 773; x_wconf 86' lang='lat' dir='ltr'><strong>aunt,</strong></span> <span class='ocrx_word' id='word_1_30' title='bbox 1073 687 1111 753; x_wconf 90' lang='lat' dir='ltr'><strong>de</strong></span> <span class='ocrx_word' id='word_1_31' title='bbox 1135 686 1349 752; x_wconf 88' lang='lat' dir='ltr'><strong>Ambrosiani</strong></span> 
     </span>
     <span class='ocr_line' id='line_1_5' title="bbox 200 795 1347 881; baseline -0.003 -19"><span class='ocrx_word' id='word_1_32' title='bbox 200 819 274 863; x_wconf 89' lang='lat' dir='ltr'><strong>oum</strong></span> <span class='ocrx_word' id='word_1_33' title='bbox 302 799 433 879; x_wconf 87' lang='lat' dir='ltr'><strong>recepta</strong></span> <span class='ocrx_word' id='word_1_34' title='bbox 462 795 625 879; x_wconf 88' lang='lat' dir='ltr'><strong>scriptura</strong></span> <span class='ocrx_word' id='word_1_35' title='bbox 652 817 811 860; x_wconf 88' lang='lat' dir='ltr'><strong>consensu</strong></span> <span class='ocrx_word' id='word_1_36' title='bbox 840 796 1013 881; x_wconf 90' lang='lat' dir='ltr'><strong>quicquam</strong></span> <span class='ocrx_word' id='word_1_37' title='bbox 1037 817 1055 860; x_wconf 94' lang='lat' dir='ltr'><strong>e</strong></span> <span class='ocrx_word' id='word_1_38' title='bbox 1079 795 1209 859; x_wconf 89' lang='lat' dir='ltr'><strong>silentio</strong></span> <span class='ocrx_word' id='word_1_39' title='bbox 1232 797 1347 858; x_wconf 90' lang='lat' dir='ltr'><strong>nostro</strong></span> 
     </span>
     <span class='ocr_line' id='line_1_6' title="bbox 200 901 1349 989; baseline -0.002 -22"><span class='ocrx_word' id='word_1_40' title='bbox 200 902 382 968; x_wconf 88' lang='lat' dir='ltr'><strong>coniectum</strong></span> <span class='ocrx_word' id='word_1_41' title='bbox 407 905 468 969; x_wconf 89' lang='lat' dir='ltr'><strong>eat.</strong></span> <span class='ocrx_word' id='word_1_42' title='bbox 509 902 624 987; x_wconf 87' lang='lat' dir='ltr'><strong>ltaque</strong></span> <span class='ocrx_word' id='word_1_43' title='bbox 647 903 842 989; x_wconf 90' lang='lat' dir='ltr'><strong>ubicumque</strong></span> <span class='ocrx_word' id='word_1_44' title='bbox 866 905 959 969; x_wconf 64' lang='lat' dir='ltr'><strong>libros</strong></span> <span class='ocrx_word' id='word_1_45' title='bbox 980 903 1047 968; x_wconf 86' lang='lat' dir='ltr'><strong>dixi</strong></span> <span class='ocrx_word' id='word_1_46' title='bbox 1071 901 1273 986; x_wconf 88' lang='lat' dir='ltr'><strong>simpliciter,</strong></span> <span class='ocrx_word' id='word_1_47' title='bbox 1301 901 1349 965; x_wconf 91' lang='lat' dir='ltr'><strong>in·</strong></span> 
     </span>
     <span class='ocr_line' id='line_1_7' title="bbox 200 1008 1350 1094; baseline -0.003 -19"><span class='ocrx_word' id='word_1_48' title='bbox 200 1008 313 1094; x_wconf 77' lang='lat' dir='ltr'><strong>tellegi</strong></span> <span class='ocrx_word' id='word_1_49' title='bbox 341 1008 482 1093; x_wconf 87' lang='lat' dir='ltr'><strong>reliquos</strong></span> <span class='ocrx_word' id='word_1_50' title='bbox 506 1009 580 1074; x_wconf 85' lang='lat' dir='ltr'><strong>volo</strong></span> <span class='ocrx_word' id='word_1_51' title='bbox 608 1013 738 1094; x_wconf 89' lang='lat' dir='ltr'><strong>praeter</strong></span> <span class='ocrx_word' id='word_1_52' title='bbox 760 1010 801 1075; x_wconf 78' lang='lat' dir='ltr'><strong>A.</strong></span> <span class='ocrx_word' id='word_1_53' title='bbox 830 1047 872 1057; x_wconf 88' lang='lat'>—</span> <span class='ocrx_word' id='word_1_54' title='bbox 900 1008 962 1075; x_wconf 92' lang='lat' dir='ltr'><strong>His</strong></span> <span class='ocrx_word' id='word_1_55' title='bbox 990 1009 1047 1074; x_wconf 91' lang='lat' dir='ltr'><strong>nbi</strong></span> <span class='ocrx_word' id='word_1_56' title='bbox 1074 1009 1157 1074; x_wconf 92' lang='lat' dir='ltr'><strong>illud</strong></span> <span class='ocrx_word' id='word_1_57' title='bbox 1185 1008 1350 1092; x_wconf 79' lang='lat' dir='ltr'><strong>addidero,</strong></span> 
     </span>
     <span class='ocr_line' id='line_1_8' title="bbox 200 1115 1351 1201; baseline -0.003 -20"><span class='ocrx_word' id='word_1_58' title='bbox 200 1138 413 1201; x_wconf 88' lang='lat' dir='ltr'><strong>personarum</strong></span> <span class='ocrx_word' id='word_1_59' title='bbox 442 1116 493 1180; x_wconf 85' lang='lat' dir='ltr'><strong>vel</strong></span> <span class='ocrx_word' id='word_1_60' title='bbox 522 1120 617 1181; x_wconf 92' lang='lat' dir='ltr'><strong>notas</strong></span> <span class='ocrx_word' id='word_1_61' title='bbox 645 1117 696 1182; x_wconf 84' lang='lat' dir='ltr'><strong>vel</strong></span> <span class='ocrx_word' id='word_1_62' title='bbox 726 1117 860 1184; x_wconf 89' lang='lat' dir='ltr'><strong>nomina</strong></span> <span class='ocrx_word' id='word_1_63' title='bbox 882 1117 917 1183; x_wconf 90' lang='lat' dir='ltr'><strong>in</strong></span> <span class='ocrx_word' id='word_1_64' title='bbox 940 1116 1021 1201; x_wconf 91' lang='lat' dir='ltr'><strong>ipsis</strong></span> <span class='ocrx_word' id='word_1_65' title='bbox 1045 1116 1248 1182; x_wconf 84' lang='lat' dir='ltr'><strong>sermonibus</strong></span> <span class='ocrx_word' id='word_1_66' title='bbox 1271 1115 1351 1179; x_wconf 85' lang='lat' dir='ltr'><strong>Am-</strong></span> 
     </span>
     <span class='ocr_line' id='line_1_9' title="bbox 200 1222 1348 1310; baseline -0.003 -21"><span class='ocrx_word' id='word_1_67' title='bbox 200 1223 390 1289; x_wconf 88' lang='lat' dir='ltr'><strong>brosianum</strong></span> <span class='ocrx_word' id='word_1_68' title='bbox 414 1222 505 1287; x_wconf 89' lang='lat' dir='ltr'><strong>nulla</strong></span> <span class='ocrx_word' id='word_1_69' title='bbox 528 1223 663 1308; x_wconf 89' lang='lat' dir='ltr'><strong>habere,</strong></span> <span class='ocrx_word' id='word_1_70' title='bbox 697 1225 753 1290; x_wconf 90' lang='lat' dir='ltr'><strong>sed</strong></span> <span class='ocrx_word' id='word_1_71' title='bbox 776 1247 834 1310; x_wconf 93' lang='lat' dir='ltr'><strong>pro</strong></span> <span class='ocrx_word' id='word_1_72' title='bbox 859 1225 920 1306; x_wconf 88' lang='lat' dir='ltr'><strong>eis,</strong></span> <span class='ocrx_word' id='word_1_73' title='bbox 952 1225 1009 1290; x_wconf 91' lang='lat' dir='ltr'><strong>uhi</strong></span> <span class='ocrx_word' id='word_1_74' title='bbox 1031 1224 1066 1288; x_wconf 94' lang='lat' dir='ltr'><strong>in</strong></span> <span class='ocrx_word' id='word_1_75' title='bbox 1090 1222 1211 1289; x_wconf 89' lang='lat' dir='ltr'><strong>medios</strong></span> <span class='ocrx_word' id='word_1_76' title='bbox 1235 1243 1348 1287; x_wconf 80' lang='lat' dir='ltr'><strong>versus</strong></span> 
     </span>
     <span class='ocr_line' id='line_1_10' title="bbox 201 1329 1348 1416; baseline -0.003 -22"><span class='ocrx_word' id='word_1_77' title='bbox 201 1330 355 1414; x_wconf 90' lang='lat' dir='ltr'><strong>incidunt,</strong></span> <span class='ocrx_word' id='word_1_78' title='bbox 378 1329 527 1394; x_wconf 87' lang='lat' dir='ltr'><strong>binarum</strong></span> <span class='ocrx_word' id='word_1_79' title='bbox 552 1330 736 1396; x_wconf 86' lang='lat' dir='ltr'><strong>litterarum</strong></span> <span class='ocrx_word' id='word_1_80' title='bbox 756 1331 863 1416; x_wconf 90' lang='lat' dir='ltr'><strong>spatia</strong></span> <span class='ocrx_word' id='word_1_81' title='bbox 882 1351 992 1415; x_wconf 85' lang='lat' dir='ltr'><strong>vacua,</strong></span> <span class='ocrx_word' id='word_1_82' title='bbox 1011 1330 1123 1395; x_wconf 88' lang='lat' dir='ltr'><strong>videor</strong></span> <span class='ocrx_word' id='word_1_83' title='bbox 1141 1329 1175 1394; x_wconf 92' lang='lat' dir='ltr'><strong>in</strong></span> <span class='ocrx_word' id='word_1_84' title='bbox 1194 1349 1348 1412; x_wconf 87' lang='lat' dir='ltr'><strong>praesens</strong></span> 
     </span>
     <span class='ocr_line' id='line_1_11' title="bbox 201 1436 848 1522; baseline -0.002 -20"><span class='ocrx_word' id='word_1_85' title='bbox 201 1436 372 1522; x_wconf 88' lang='lat' dir='ltr'><strong>potissima</strong></span> <span class='ocrx_word' id='word_1_86' title='bbox 394 1436 538 1501; x_wconf 85' lang='lat' dir='ltr'><strong>brevit-er</strong></span> <span class='ocrx_word' id='word_1_87' title='bbox 560 1439 745 1522; x_wconf 83' lang='lat' dir='ltr'><strong>complexus</strong></span> <span class='ocrx_word' id='word_1_88' title='bbox 769 1460 848 1503; x_wconf 89' lang='lat' dir='ltr'><strong>esse.</strong></span> 
     </span>
    </p>

    <p class='ocr_par' dir='ltr' id='par_1_3' title="bbox 200 1542 1351 3449">
     <span class='ocr_line' id='line_1_12' title="bbox 290 1542 1350 1630; baseline -0.001 -22"><span class='ocrx_word' id='word_1_89' title='bbox 290 1542 442 1609; x_wconf 80' lang='lat' dir='ltr'><strong>Ceterum</strong></span> <span class='ocrx_word' id='word_1_90' title='bbox 470 1545 558 1609; x_wconf 91' lang='lat' dir='ltr'><strong>omni</strong></span> <span class='ocrx_word' id='word_1_91' title='bbox 590 1546 830 1612; x_wconf 74' lang='lat' dir='ltr'><strong>asseveratione</strong></span> <span class='ocrx_word' id='word_1_92' title='bbox 859 1549 893 1610; x_wconf 90' lang='lat' dir='ltr'><strong>et</strong></span> <span class='ocrx_word' id='word_1_93' title='bbox 918 1566 1052 1630; x_wconf 88' lang='lat' dir='ltr'><strong>possum</strong></span> <span class='ocrx_word' id='word_1_94' title='bbox 1081 1548 1115 1609; x_wconf 90' lang='lat' dir='ltr'><strong>et</strong></span> <span class='ocrx_word' id='word_1_95' title='bbox 1137 1544 1239 1609; x_wconf 87' lang='lat' dir='ltr'><strong>debeo</strong></span> <span class='ocrx_word' id='word_1_96' title='bbox 1262 1543 1350 1608; x_wconf 84' lang='lat' dir='ltr'><strong>affir-</strong></span> 
     </span>
     <span class='ocr_line' id='line_1_13' title="bbox 201 1651 1349 1736; baseline -0.003 -19"><span class='ocrx_word' id='word_1_97' title='bbox 201 1674 299 1736; x_wconf 88' lang='lat' dir='ltr'><strong>mare,</strong></span> <span class='ocrx_word' id='word_1_98' title='bbox 322 1674 450 1715; x_wconf 90' lang='lat' dir='ltr'><strong>summa</strong></span> <span class='ocrx_word' id='word_1_99' title='bbox 473 1674 555 1736; x_wconf 90' lang='lat' dir='ltr'><strong>quae</strong></span> <span class='ocrx_word' id='word_1_100' title='bbox 579 1653 613 1717; x_wconf 94' lang='lat' dir='ltr'><strong>in</strong></span> <span class='ocrx_word' id='word_1_101' title='bbox 635 1675 687 1718; x_wconf 91' lang='lat' dir='ltr'><strong>me</strong></span> <span class='ocrx_word' id='word_1_102' title='bbox 711 1657 761 1718; x_wconf 89' lang='lat' dir='ltr'><strong>est</strong></span> <span class='ocrx_word' id='word_1_103' title='bbox 784 1657 817 1719; x_wconf 89' lang='lat' dir='ltr'><strong>et</strong></span> <span class='ocrx_word' id='word_1_104' title='bbox 839 1676 918 1720; x_wconf 86' lang='lat' dir='ltr'><strong>cura</strong></span> <span class='ocrx_word' id='word_1_105' title='bbox 941 1657 974 1718; x_wconf 92' lang='lat' dir='ltr'><strong>et</strong></span> <span class='ocrx_word' id='word_1_106' title='bbox 996 1653 1059 1717; x_wconf 92' lang='lat' dir='ltr'><strong>fide</strong></span> <span class='ocrx_word' id='word_1_107' title='bbox 1082 1653 1115 1717; x_wconf 92' lang='lat' dir='ltr'><strong>in</strong></span> <span class='ocrx_word' id='word_1_108' title='bbox 1138 1652 1171 1716; x_wconf 93' lang='lat' dir='ltr'><strong>id</strong></span> <span class='ocrx_word' id='word_1_109' title='bbox 1190 1673 1242 1716; x_wconf 89' lang='lat' dir='ltr'><strong>me</strong></span> <span class='ocrx_word' id='word_1_110' title='bbox 1261 1651 1349 1715; x_wconf 92' lang='lat' dir='ltr'><strong>incu-</strong></span> 
     </span>
     <span class='ocr_line' id='line_1_14' title="bbox 202 1757 1349 1844; baseline -0.003 -20"><span class='ocrx_word' id='word_1_111' title='bbox 202 1761 324 1842; x_wconf 87' lang='lat' dir='ltr'><strong>buisse,</strong></span> <span class='ocrx_word' id='word_1_112' title='bbox 357 1761 393 1823; x_wconf 91' lang='lat' dir='ltr'><strong>ut</strong></span> <span class='ocrx_word' id='word_1_113' title='bbox 420 1758 460 1822; x_wconf 91' lang='lat' dir='ltr'><strong>de</strong></span> <span class='ocrx_word' id='word_1_114' title='bbox 488 1758 707 1825; x_wconf 88' lang='lat' dir='ltr'><strong>Ambrosiano</strong></span> <span class='ocrx_word' id='word_1_115' title='bbox 735 1765 769 1826; x_wconf 89' lang='lat' dir='ltr'><strong>et</strong></span> <span class='ocrx_word' id='word_1_116' title='bbox 797 1782 872 1825; x_wconf 89' lang='lat' dir='ltr'><strong>vere</strong></span> <span class='ocrx_word' id='word_1_117' title='bbox 900 1764 934 1825; x_wconf 94' lang='lat' dir='ltr'><strong>et</strong></span> <span class='ocrx_word' id='word_1_118' title='bbox 961 1760 1056 1844; x_wconf 90' lang='lat' dir='ltr'><strong>plene</strong></span> <span class='ocrx_word' id='word_1_119' title='bbox 1084 1763 1231 1824; x_wconf 89' lang='lat' dir='ltr'><strong>testarer.</strong></span> <span class='ocrx_word' id='word_1_120' title='bbox 1278 1757 1349 1834; x_wconf 82' lang='lat' dir='ltr'><strong>Qua</strong></span> 
     </span>
     <span class='ocr_line' id='line_1_15' title="bbox 202 1865 1350 1952; baseline -0.003 -22"><span class='ocrx_word' id='word_1_121' title='bbox 202 1866 419 1932; x_wconf 87' lang='lat' dir='ltr'><strong>affirmatione</strong></span> <span class='ocrx_word' id='word_1_122' title='bbox 442 1887 508 1931; x_wconf 92' lang='lat' dir='ltr'><strong>non</strong></span> <span class='ocrx_word' id='word_1_123' title='bbox 532 1866 657 1932; x_wconf 85' lang='lat' dir='ltr'><strong>viderer</strong></span> <span class='ocrx_word' id='word_1_124' title='bbox 681 1889 762 1952; x_wconf 92' lang='lat' dir='ltr'><strong>opus</strong></span> <span class='ocrx_word' id='word_1_125' title='bbox 785 1867 919 1950; x_wconf 87' lang='lat' dir='ltr'><strong>hahere,</strong></span> <span class='ocrx_word' id='word_1_126' title='bbox 950 1867 1014 1932; x_wconf 89' lang='lat' dir='ltr'><strong>nisi</strong></span> <span class='ocrx_word' id='word_1_127' title='bbox 1038 1866 1079 1931; x_wconf 91' lang='lat' dir='ltr'><strong>ab</strong></span> <span class='ocrx_word' id='word_1_128' title='bbox 1104 1865 1215 1930; x_wconf 88' lang='lat' dir='ltr'><strong>amicis</strong></span> <span class='ocrx_word' id='word_1_129' title='bbox 1239 1886 1350 1929; x_wconf 89' lang='lat' dir='ltr'><strong>narra-</strong></span> 
     </span>
     <span class='ocr_line' id='line_1_16' title="bbox 202 1971 1350 2059; baseline -0.003 -21"><span class='ocrx_word' id='word_1_130' title='bbox 202 1979 291 2038; x_wconf 86' lang='lat' dir='ltr'><strong>retur</strong></span> <span class='ocrx_word' id='word_1_131' title='bbox 314 1972 399 2059; x_wconf 89' lang='lat' dir='ltr'><strong>(ipse</strong></span> <span class='ocrx_word' id='word_1_132' title='bbox 423 1973 509 2038; x_wconf 88' lang='lat' dir='ltr'><strong>enim</strong></span> <span class='ocrx_word' id='word_1_133' title='bbox 533 1974 641 2059; x_wconf 90' lang='lat' dir='ltr'><strong>legere</strong></span> <span class='ocrx_word' id='word_1_134' title='bbox 664 1997 730 2042; x_wconf 91' lang='lat' dir='ltr'><strong>non</strong></span> <span class='ocrx_word' id='word_1_135' title='bbox 753 1975 850 2057; x_wconf 90' lang='lat' dir='ltr'><strong>soleo,</strong></span> <span class='ocrx_word' id='word_1_136' title='bbox 874 1996 957 2058; x_wconf 86' lang='lat' dir='ltr'><strong>quae</strong></span> <span class='ocrx_word' id='word_1_137' title='bbox 982 1973 1082 2038; x_wconf 90' lang='lat' dir='ltr'><strong>bilem</strong></span> <span class='ocrx_word' id='word_1_138' title='bbox 1101 1971 1259 2037; x_wconf 75' lang='lat' dir='ltr'><strong>inutiliter</strong></span> <span class='ocrx_word' id='word_1_139' title='bbox 1282 1992 1350 2034; x_wconf 89' lang='lat' dir='ltr'><strong>mo·</strong></span> 
     </span>
     <span class='ocr_line' id='line_1_17' title="bbox 203 2077 1350 2164; baseline -0.003 -20"><span class='ocrx_word' id='word_1_140' title='bbox 203 2085 277 2145; x_wconf 87' lang='lat' dir='ltr'><strong>tura</strong></span> <span class='ocrx_word' id='word_1_141' title='bbox 299 2077 379 2164; x_wconf 88' lang='lat' dir='ltr'><strong>sint)</strong></span> <span class='ocrx_word' id='word_1_142' title='bbox 404 2079 497 2144; x_wconf 84' lang='lat' dir='ltr'><strong>valde</strong></span> <span class='ocrx_word' id='word_1_143' title='bbox 521 2080 705 2164; x_wconf 88' lang='lat' dir='ltr'><strong>importune</strong></span> <span class='ocrx_word' id='word_1_144' title='bbox 724 2083 758 2146; x_wconf 94' lang='lat' dir='ltr'><strong>in</strong></span> <span class='ocrx_word' id='word_1_145' title='bbox 777 2103 828 2145; x_wconf 91' lang='lat' dir='ltr'><strong>me</strong></span> <span class='ocrx_word' id='word_1_146' title='bbox 846 2102 950 2164; x_wconf 87' lang='lat' dir='ltr'><strong>nuper</strong></span> <span class='ocrx_word' id='word_1_147' title='bbox 968 2080 1132 2145; x_wconf 78' lang='lat' dir='ltr'><strong>invectum</strong></span> <span class='ocrx_word' id='word_1_148' title='bbox 1151 2101 1231 2160; x_wconf 88' lang='lat' dir='ltr'><strong>esse,</strong></span> <span class='ocrx_word' id='word_1_149' title='bbox 1255 2099 1350 2162; x_wconf 90' lang='lat' dir='ltr'><strong>quem</strong></span> 
     </span>
     <span class='ocr_line' id='line_1_18' title="bbox 203 2186 1350 2272; baseline -0.003 -21"><span class='ocrx_word' id='word_1_150' title='bbox 203 2188 265 2251; x_wconf 89' lang='lat' dir='ltr'><strong>etsi</strong></span> <span class='ocrx_word' id='word_1_151' title='bbox 289 2190 322 2252; x_wconf 87' lang='lat' dir='ltr'><strong>et</strong></span> <span class='ocrx_word' id='word_1_152' title='bbox 340 2187 666 2272; x_wconf 88' lang='lat' dir='ltr'><strong>neglegentissimum</strong></span> <span class='ocrx_word' id='word_1_153' title='bbox 688 2188 853 2254; x_wconf 89' lang='lat' dir='ltr'><strong>hominem</strong></span> <span class='ocrx_word' id='word_1_154' title='bbox 872 2186 1156 2271; x_wconf 85' lang='lat' dir='ltr'><strong>deprehendissem</strong></span> <span class='ocrx_word' id='word_1_155' title='bbox 1179 2189 1213 2250; x_wconf 89' lang='lat' dir='ltr'><strong>et</strong></span> <span class='ocrx_word' id='word_1_156' title='bbox 1236 2204 1350 2268; x_wconf 89' lang='lat' dir='ltr'><strong>parum</strong></span> 
     </span>
     <span class='ocr_line' id='line_1_19' title="bbox 203 2292 1350 2379; baseline -0.003 -21"><span class='ocrx_word' id='word_1_157' title='bbox 203 2317 223 2358; x_wconf 88' lang='lat' dir='ltr'><strong>a</strong></span> <span class='ocrx_word' id='word_1_158' title='bbox 249 2297 368 2358; x_wconf 87' lang='lat' dir='ltr'><strong>natura</strong></span> <span class='ocrx_word' id='word_1_159' title='bbox 396 2292 435 2357; x_wconf 86' lang='lat' dir='ltr'><strong>ad</strong></span> <span class='ocrx_word' id='word_1_160' title='bbox 465 2293 671 2360; x_wconf 89' lang='lat' dir='ltr'><strong>iudicandum</strong></span> <span class='ocrx_word' id='word_1_161' title='bbox 699 2294 822 2360; x_wconf 87' lang='lat' dir='ltr'><strong>factum</strong></span> <span class='ocrx_word' id='word_1_162' title='bbox 849 2315 994 2379; x_wconf 85' lang='lat' dir='ltr'><strong>nossem,</strong></span> <span class='ocrx_word' id='word_1_163' title='bbox 1026 2298 1139 2359; x_wconf 91' lang='lat' dir='ltr'><strong>tamen</strong></span> <span class='ocrx_word' id='word_1_164' title='bbox 1165 2293 1350 2375; x_wconf 71' lang='lat' dir='ltr'><strong>paucarum</strong></span> 
     </span>
     <span class='ocr_line' id='line_1_20' title="bbox 200 2399 1351 2484; baseline 0 -20"><span class='ocrx_word' id='word_1_165' title='bbox 200 2401 306 2484; x_wconf 77' lang='lat' dir='ltr'><strong>qratia</strong></span> <span class='ocrx_word' id='word_1_166' title='bbox 333 2400 368 2464; x_wconf 91' lang='lat' dir='ltr'><strong>in</strong></span> <span class='ocrx_word' id='word_1_167' title='bbox 396 2422 433 2465; x_wconf 94' lang='lat' dir='ltr'><strong>eo</strong></span> <span class='ocrx_word' id='word_1_168' title='bbox 458 2400 646 2484; x_wconf 89' lang='lat' dir='ltr'><strong>adiuvisset,</strong></span> <span class='ocrx_word' id='word_1_169' title='bbox 670 2403 847 2469; x_wconf 90' lang='lat' dir='ltr'><strong>utiterum</strong></span> <span class='ocrx_word' id='word_1_170' title='bbox 870 2404 957 2469; x_wconf 90' lang='lat' dir='ltr'><strong>adita</strong></span> <span class='ocrx_word' id='word_1_171' title='bbox 979 2401 1200 2468; x_wconf 84' lang='lat' dir='ltr'><strong>Ambrosiana</strong></span> <span class='ocrx_word' id='word_1_172' title='bbox 1222 2399 1351 2484; x_wconf 88' lang='lat' dir='ltr'><strong>byblio-</strong></span> 
     </span>
     <span class='ocr_line' id='line_1_21' title="bbox 203 2506 1350 2594; baseline -0.003 -22"><span class='ocrx_word' id='word_1_173' title='bbox 203 2507 299 2572; x_wconf 81' lang='lat' dir='ltr'><strong>theca</strong></span> <span class='ocrx_word' id='word_1_174' title='bbox 317 2507 487 2572; x_wconf 89' lang='lat' dir='ltr'><strong>Plautinas</strong></span> <span class='ocrx_word' id='word_1_175' title='bbox 507 2508 714 2575; x_wconf 85' lang='lat' dir='ltr'><strong>membranas</strong></span> <span class='ocrx_word' id='word_1_176' title='bbox 733 2509 838 2576; x_wconf 89' lang='lat' dir='ltr'><strong>denuo</strong></span> <span class='ocrx_word' id='word_1_177' title='bbox 858 2511 1038 2594; x_wconf 82' lang='lat' dir='ltr'><strong>inspiceret.</strong></span> <span class='ocrx_word' id='word_1_178' title='bbox 1072 2509 1135 2585; x_wconf 79' lang='lat' dir='ltr'><strong>Qui</strong></span> <span class='ocrx_word' id='word_1_179' title='bbox 1158 2508 1263 2573; x_wconf 88' lang='lat' dir='ltr'><strong>sicubi</strong></span> <span class='ocrx_word' id='word_1_180' title='bbox 1287 2506 1350 2572; x_wconf 90' lang='lat' dir='ltr'><strong>sibi</strong></span> 
     </span>
     <span class='ocr_line' id='line_1_22' title="bbox 204 2615 1350 2704; baseline -0.003 -23"><span class='ocrx_word' id='word_1_181' title='bbox 204 2615 292 2681; x_wconf 87' lang='lat' dir='ltr'><strong>visus</strong></span> <span class='ocrx_word' id='word_1_182' title='bbox 323 2620 373 2679; x_wconf 92' lang='lat' dir='ltr'><strong>est</strong></span> <span class='ocrx_word' id='word_1_183' title='bbox 402 2615 454 2679; x_wconf 85' lang='lat' dir='ltr'><strong>vel</strong></span> <span class='ocrx_word' id='word_1_184' title='bbox 485 2617 652 2701; x_wconf 87' lang='lat' dir='ltr'><strong>aliquanto</strong></span> <span class='ocrx_word' id='word_1_185' title='bbox 683 2619 780 2702; x_wconf 85' lang='lat' dir='ltr'><strong>plura</strong></span> <span class='ocrx_word' id='word_1_186' title='bbox 810 2619 919 2704; x_wconf 87' lang='lat' dir='ltr'><strong>legere</strong></span> <span class='ocrx_word' id='word_1_187' title='bbox 942 2619 994 2682; x_wconf 87' lang='lat' dir='ltr'><strong>vel</strong></span> <span class='ocrx_word' id='word_1_188' title='bbox 1023 2616 1146 2702; x_wconf 91' lang='lat' dir='ltr'><strong>aliquid</strong></span> <span class='ocrx_word' id='word_1_189' title='bbox 1169 2637 1266 2700; x_wconf 90' lang='lat' dir='ltr'><strong>quam</strong></span> <span class='ocrx_word' id='word_1_190' title='bbox 1290 2635 1350 2698; x_wconf 90' lang='lat' dir='ltr'><strong>ego</strong></span> 
     </span>
     <span class='ocr_line' id='line_1_23' title="bbox 203 2721 1350 2808; baseline -0.003 -21"><span class='ocrx_word' id='word_1_191' title='bbox 203 2724 335 2788; x_wconf 88' lang='lat' dir='ltr'><strong>rectius:</strong></span> <span class='ocrx_word' id='word_1_192' title='bbox 368 2726 477 2806; x_wconf 88' lang='lat' dir='ltr'><strong>potest</strong></span> <span class='ocrx_word' id='word_1_193' title='bbox 504 2723 537 2787; x_wconf 91' lang='lat' dir='ltr'><strong>id</strong></span> <span class='ocrx_word' id='word_1_194' title='bbox 566 2723 696 2808; x_wconf 87' lang='lat' dir='ltr'><strong>quidem</strong></span> <span class='ocrx_word' id='word_1_195' title='bbox 720 2747 831 2790; x_wconf 86' lang='lat' dir='ltr'><strong>verum</strong></span> <span class='ocrx_word' id='word_1_196' title='bbox 855 2748 940 2791; x_wconf 89' lang='lat' dir='ltr'><strong>esse:</strong></span> <span class='ocrx_word' id='word_1_197' title='bbox 972 2747 1049 2790; x_wconf 87' lang='lat' dir='ltr'><strong>narn</strong></span> <span class='ocrx_word' id='word_1_198' title='bbox 1074 2746 1139 2808; x_wconf 88' lang='lat' dir='ltr'><strong>qna</strong></span> <span class='ocrx_word' id='word_1_199' title='bbox 1162 2744 1223 2808; x_wconf 89' lang='lat' dir='ltr'><strong>ego</strong></span> <span class='ocrx_word' id='word_1_200' title='bbox 1246 2721 1350 2805; x_wconf 88' lang='lat' dir='ltr'><strong>pervi-</strong></span> 
     </span>
     <span class='ocr_line' id='line_1_24' title="bbox 204 2829 1350 2916; baseline -0.005 -20"><span class='ocrx_word' id='word_1_201' title='bbox 204 2830 293 2896; x_wconf 85' lang='lat' dir='ltr'><strong>cacia</strong></span> <span class='ocrx_word' id='word_1_202' title='bbox 316 2830 367 2895; x_wconf 80' lang='lat' dir='ltr'><strong>vel</strong></span> <span class='ocrx_word' id='word_1_203' title='bbox 390 2829 543 2914; x_wconf 91' lang='lat' dir='ltr'><strong>superbia</strong></span> <span class='ocrx_word' id='word_1_204' title='bbox 565 2850 686 2916; x_wconf 69' lang='lat' dir='ltr'><strong>negem,</strong></span> <span class='ocrx_word' id='word_1_205' title='bbox 705 2831 850 2915; x_wconf 89' lang='lat' dir='ltr'><strong>potuisse</strong></span> <span class='ocrx_word' id='word_1_206' title='bbox 873 2830 964 2897; x_wconf 84' lang='lat' dir='ltr'><strong>fieri?</strong></span> <span class='ocrx_word' id='word_1_207' title='bbox 988 2831 1044 2896; x_wconf 91' lang='lat' dir='ltr'><strong>sed</strong></span> <span class='ocrx_word' id='word_1_208' title='bbox 1067 2830 1215 2914; x_wconf 89' lang='lat' dir='ltr'><strong>profecto</strong></span> <span class='ocrx_word' id='word_1_209' title='bbox 1238 2850 1350 2893; x_wconf 85' lang='lat' dir='ltr'><strong>verum</strong></span> 
     </span>
     <span class='ocr_line' id='line_1_25' title="bbox 203 2935 1350 3022; baseline -0.004 -19"><span class='ocrx_word' id='word_1_210' title='bbox 203 2961 270 3003; x_wconf 91' lang='lat' dir='ltr'><strong>non</strong></span> <span class='ocrx_word' id='word_1_211' title='bbox 297 2937 473 3003; x_wconf 89' lang='lat' dir='ltr'><strong>habebitur</strong></span> <span class='ocrx_word' id='word_1_212' title='bbox 501 2942 674 3022; x_wconf 87' lang='lat' dir='ltr'><strong>propterea</strong></span> <span class='ocrx_word' id='word_1_213' title='bbox 702 2939 778 3021; x_wconf 88' lang='lat' dir='ltr'><strong>quia</strong></span> <span class='ocrx_word' id='word_1_214' title='bbox 801 2938 858 3004; x_wconf 93' lang='lat' dir='ltr'><strong>ille</strong></span> <span class='ocrx_word' id='word_1_215' title='bbox 882 2938 967 3004; x_wconf 91' lang='lat' dir='ltr'><strong>dicit.</strong></span> <span class='ocrx_word' id='word_1_216' title='bbox 1014 2937 1119 3014; x_wconf 82' lang='lat' dir='ltr'><strong>Quam</strong></span> <span class='ocrx_word' id='word_1_217' title='bbox 1145 2936 1232 3002; x_wconf 91' lang='lat' dir='ltr'><strong>enim</strong></span> <span class='ocrx_word' id='word_1_218' title='bbox 1253 2935 1350 3001; x_wconf 90' lang='lat' dir='ltr'><strong>fidem</strong></span> 
     </span>
     <span class='ocr_line' id='line_1_26' title="bbox 203 3042 1350 3131; baseline -0.006 -20"><span class='ocrx_word' id='word_1_219' title='bbox 203 3045 352 3111; x_wconf 81' lang='lat' dir='ltr'><strong>veritatis</strong></span> <span class='ocrx_word' id='word_1_220' title='bbox 375 3042 495 3108; x_wconf 87' lang='lat' dir='ltr'><strong>habere</strong></span> <span class='ocrx_word' id='word_1_221' title='bbox 519 3044 587 3109; x_wconf 92' lang='lat' dir='ltr'><strong>eius</strong></span> <span class='ocrx_word' id='word_1_222' title='bbox 611 3046 834 3110; x_wconf 81' lang='lat' dir='ltr'><strong>testimonium</strong></span> <span class='ocrx_word' id='word_1_223' title='bbox 858 3046 991 3130; x_wconf 92' lang='lat' dir='ltr'><strong>poterit,</strong></span> <span class='ocrx_word' id='word_1_224' title='bbox 1024 3068 1120 3131; x_wconf 88' lang='lat' dir='ltr'><strong>quem</strong></span> <span class='ocrx_word' id='word_1_225' title='bbox 1146 3066 1219 3110; x_wconf 90' lang='lat' dir='ltr'><strong>cum</strong></span> <span class='ocrx_word' id='word_1_226' title='bbox 1243 3043 1350 3127; x_wconf 89' lang='lat' dir='ltr'><strong>legere</strong></span> 
     </span>
     <span class='ocr_line' id='line_1_27' title="bbox 204 3148 1351 3238; baseline -0.003 -23"><span class='ocrx_word' id='word_1_227' title='bbox 204 3151 401 3217; x_wconf 87' lang='lat' dir='ltr'><strong>nescientem</strong></span> <span class='ocrx_word' id='word_1_228' title='bbox 424 3173 494 3234; x_wconf 89' lang='lat' dir='ltr'><strong>nos,</strong></span> <span class='ocrx_word' id='word_1_229' title='bbox 517 3151 593 3236; x_wconf 90' lang='lat' dir='ltr'><strong>quid</strong></span> <span class='ocrx_word' id='word_1_230' title='bbox 617 3157 703 3217; x_wconf 86' lang='lat' dir='ltr'><strong>esset</strong></span> <span class='ocrx_word' id='word_1_231' title='bbox 727 3153 848 3238; x_wconf 87' lang='lat' dir='ltr'><strong>legere,</strong></span> <span class='ocrx_word' id='word_1_232' title='bbox 872 3153 1093 3218; x_wconf 90' lang='lat' dir='ltr'><strong>docuissemus</strong></span> <span class='ocrx_word' id='word_1_233' title='bbox 1117 3151 1223 3216; x_wconf 89' lang='lat' dir='ltr'><strong>Musei</strong></span> <span class='ocrx_word' id='word_1_234' title='bbox 1246 3148 1351 3214; x_wconf 90' lang='lat' dir='ltr'><strong>nostri</strong></span> 
     </span>
     <span class='ocr_line' id='line_1_28' title="bbox 205 3257 1349 3344; baseline -0.002 -21"><span class='ocrx_word' id='word_1_235' title='bbox 205 3257 397 3343; x_wconf 82' lang='lat' dir='ltr'><strong>philologici</strong></span> <span class='ocrx_word' id='word_1_236' title='bbox 420 3261 443 3323; x_wconf 78' lang='lat' dir='ltr'><strong>t.</strong></span> <span class='ocrx_word' id='word_1_237' title='bbox 467 3257 497 3323; x_wconf 88' lang='lat' dir='ltr'>V</span> <span class='ocrx_word' id='word_1_238' title='bbox 519 3281 550 3342; x_wconf 91' lang='lat' dir='ltr'><strong>p.</strong></span> <span class='ocrx_word' id='word_1_239' title='bbox 577 3259 640 3324; x_wconf 82' lang='lat'><strong>128</strong></span> <span class='ocrx_word' id='word_1_240' title='bbox 655 3280 724 3343; x_wconf 89' lang='lat' dir='ltr'><strong>sqq.</strong></span> <span class='ocrx_word' id='word_1_241' title='bbox 749 3261 806 3340; x_wconf 86' lang='lat'><strong>[=</strong></span> <span class='ocrx_word' id='word_1_242' title='bbox 821 3258 939 3344; x_wconf 88' lang='lat' dir='ltr'><strong>Opusc.</strong></span> <span class='ocrx_word' id='word_1_243' title='bbox 963 3259 1041 3344; x_wconf 93' lang='lat' dir='ltr'><strong>phil.</strong></span> <span class='ocrx_word' id='word_1_244' title='bbox 1064 3258 1096 3324; x_wconf 94' lang='lat' dir='ltr'><strong>Il</strong></span> <span class='ocrx_word' id='word_1_245' title='bbox 1121 3281 1151 3342; x_wconf 94' lang='lat' dir='ltr'><strong>p.</strong></span> <span class='ocrx_word' id='word_1_246' title='bbox 1176 3257 1242 3322; x_wconf 78' lang='lat'><strong>202</strong></span> <span class='ocrx_word' id='word_1_247' title='bbox 1256 3258 1349 3341; x_wconf 88' lang='lat' dir='ltr'><strong>sqq.],</strong></span> 
     </span>
     <span class='ocr_line' id='line_1_29' title="bbox 205 3363 1351 3449; baseline -0.002 -20"><span class='ocrx_word' id='word_1_248' title='bbox 205 3388 317 3431; x_wconf 89' lang='lat' dir='ltr'><strong>reeens</strong></span> <span class='ocrx_word' id='word_1_249' title='bbox 349 3363 480 3428; x_wconf 90' lang='lat' dir='ltr'><strong>doctum</strong></span> <span class='ocrx_word' id='word_1_250' title='bbox 513 3365 728 3449; x_wconf 89' lang='lat' dir='ltr'><strong>comperimus</strong></span> <span class='ocrx_word' id='word_1_251' title='bbox 761 3388 779 3430; x_wconf 87' lang='lat' dir='ltr'><strong>e</strong></span> <span class='ocrx_word' id='word_1_252' title='bbox 808 3388 879 3431; x_wconf 92' lang='lat' dir='ltr'><strong>sero</strong></span> <span class='ocrx_word' id='word_1_253' title='bbox 906 3366 1057 3432; x_wconf 88' lang='lat' dir='ltr'><strong>tirocinio</strong></span> <span class='ocrx_word' id='word_1_254' title='bbox 1088 3367 1129 3431; x_wconf 91' lang='lat' dir='ltr'><strong>ad</strong></span> <span class='ocrx_word' id='word_1_255' title='bbox 1159 3364 1351 3430; x_wconf 89' lang='lat' dir='ltr'><strong>subitariam</strong></span> 
     </span>
    </p>

    <p class='ocr_par' dir='ltr' id='par_1_4' title="bbox 130 3470 1354 4524">
     <span class='ocr_line' id='line_1_30' title="bbox 130 3470 1351 3558; baseline -0.003 -20"><span class='ocrx_word' id='word_1_256' title='bbox 130 3497 192 3538; x_wconf 85' lang='lat' dir='ltr'><strong>xnr</strong></span> <span class='ocrx_word' id='word_1_257' title='bbox 205 3473 371 3538; x_wconf 87' lang='lat' dir='ltr'><strong>immaturi</strong></span> <span class='ocrx_word' id='word_1_258' title='bbox 394 3470 574 3556; x_wconf 84' lang='lat' dir='ltr'><strong>magisterii</strong></span> <span class='ocrx_word' id='word_1_259' title='bbox 598 3472 833 3556; x_wconf 85' lang='lat' dir='ltr'><strong>professionem</strong></span> <span class='ocrx_word' id='word_1_260' title='bbox 852 3473 1039 3558; x_wconf 82' lang='lat' dir='ltr'><strong>emergere?</strong></span> <span class='ocrx_word' id='word_1_261' title='bbox 1062 3472 1135 3538; x_wconf 87' lang='lat' dir='ltr'><strong>Tali</strong></span> <span class='ocrx_word' id='word_1_262' title='bbox 1154 3473 1256 3558; x_wconf 89' lang='lat' dir='ltr'><strong>igitur</strong></span> <span class='ocrx_word' id='word_1_263' title='bbox 1274 3470 1351 3535; x_wconf 87' lang='lat' dir='ltr'><strong>testi</strong></span> 
     </span>
     <span class='ocr_line' id='line_1_31' title="bbox 206 3578 1352 3663; baseline -0.003 -17"><span class='ocrx_word' id='word_1_264' title='bbox 206 3581 234 3646; x_wconf 89' lang='lat' dir='ltr'><strong>si</strong></span> <span class='ocrx_word' id='word_1_265' title='bbox 257 3579 468 3662; x_wconf 89' lang='lat' dir='ltr'><strong>crederemus,</strong></span> <span class='ocrx_word' id='word_1_266' title='bbox 492 3579 577 3663; x_wconf 88' lang='lat' dir='ltr'><strong>quod</strong></span> <span class='ocrx_word' id='word_1_267' title='bbox 600 3579 740 3647; x_wconf 76' lang='lat' dir='ltr'><strong>fortasse</strong></span> <span class='ocrx_word' id='word_1_268' title='bbox 764 3581 865 3647; x_wconf 91' lang='lat' dir='ltr'><strong>oculis</strong></span> <span class='ocrx_word' id='word_1_269' title='bbox 889 3581 1011 3648; x_wconf 84' lang='lat' dir='ltr'><strong>nostris</strong></span> <span class='ocrx_word' id='word_1_270' title='bbox 1030 3581 1110 3646; x_wconf 89' lang='lat' dir='ltr'><strong>olim</strong></span> <span class='ocrx_word' id='word_1_271' title='bbox 1128 3581 1177 3645; x_wconf 85' lang='lat' dir='ltr'><strong>vel</strong></span> <span class='ocrx_word' id='word_1_272' title='bbox 1196 3578 1352 3662; x_wconf 90' lang='lat' dir='ltr'><strong>locupleti</strong></span> 
     </span>
     <span class='ocr_line' id='line_1_32' title="bbox 205 3685 1352 3774; baseline -0.003 -20"><span class='ocrx_word' id='word_1_273' title='bbox 205 3686 396 3754; x_wconf 89' lang='lat' dir='ltr'><strong>testimonio</strong></span> <span class='ocrx_word' id='word_1_274' title='bbox 419 3685 574 3751; x_wconf 87' lang='lat' dir='ltr'><strong>doctioris</strong></span> <span class='ocrx_word' id='word_1_275' title='bbox 598 3688 805 3774; x_wconf 89' lang='lat' dir='ltr'><strong>eiusdemque</strong></span> <span class='ocrx_word' id='word_1_276' title='bbox 824 3689 1041 3774; x_wconf 82' lang='lat' dir='ltr'><strong>diligentioris</strong></span> <span class='ocrx_word' id='word_1_277' title='bbox 1061 3688 1203 3753; x_wconf 92' lang='lat' dir='ltr'><strong>hominis</strong></span> <span class='ocrx_word' id='word_1_278' title='bbox 1222 3686 1352 3752; x_wconf 91' lang='lat' dir='ltr'><strong>creden·</strong></span> 
     </span>
     <span class='ocr_line' id='line_1_33' title="bbox 205 3792 1349 3880; baseline -0.002 -21"><span class='ocrx_word' id='word_1_279' title='bbox 205 3795 282 3859; x_wconf 91' lang='lat' dir='ltr'><strong>dum</strong></span> <span class='ocrx_word' id='word_1_280' title='bbox 306 3794 381 3877; x_wconf 92' lang='lat' dir='ltr'><strong>erit,</strong></span> <span class='ocrx_word' id='word_1_281' title='bbox 408 3793 584 3859; x_wconf 85' lang='lat' dir='ltr'><strong>verendum</strong></span> <span class='ocrx_word' id='word_1_282' title='bbox 608 3799 677 3861; x_wconf 88' lang='lat' dir='ltr'><strong>erat</strong></span> <span class='ocrx_word' id='word_1_283' title='bbox 700 3795 847 3880; x_wconf 86' lang='lat' dir='ltr'><strong>profecto</strong></span> <span class='ocrx_word' id='word_1_284' title='bbox 871 3817 912 3860; x_wconf 90' lang='lat' dir='ltr'><strong>ne</strong></span> <span class='ocrx_word' id='word_1_285' title='bbox 936 3818 1010 3861; x_wconf 88' lang='lat' dir='ltr'><strong>cum</strong></span> <span class='ocrx_word' id='word_1_286' title='bbox 1033 3795 1090 3860; x_wconf 92' lang='lat' dir='ltr'><strong>illo</strong></span> <span class='ocrx_word' id='word_1_287' title='bbox 1114 3794 1259 3859; x_wconf 84' lang='lat' dir='ltr'><strong>levitatis</strong></span> <span class='ocrx_word' id='word_1_288' title='bbox 1283 3792 1349 3857; x_wconf 90' lang='lat' dir='ltr'><strong>cul-</strong></span> 
     </span>
     <span class='ocr_line' id='line_1_34' title="bbox 206 3900 1352 3988; baseline -0.003 -20"><span class='ocrx_word' id='word_1_289' title='bbox 206 3925 280 3986; x_wconf 92' lang='lat' dir='ltr'><strong>pam</strong></span> <span class='ocrx_word' id='word_1_290' title='bbox 308 3901 372 3986; x_wconf 92' lang='lat' dir='ltr'><strong>ipsi</strong></span> <span class='ocrx_word' id='word_1_291' title='bbox 399 3902 726 3969; x_wconf 87' lang='lat' dir='ltr'><strong>communicaremus:</strong></span> <span class='ocrx_word' id='word_1_292' title='bbox 759 3903 811 3967; x_wconf 86' lang='lat' dir='ltr'><strong>sin</strong></span> <span class='ocrx_word' id='word_1_293' title='bbox 839 3904 1102 3988; x_wconf 92' lang='lat' dir='ltr'><strong>obloqueremur,</strong></span> <span class='ocrx_word' id='word_1_294' title='bbox 1133 3903 1217 3967; x_wconf 88' lang='lat' dir='ltr'><strong>unde</strong></span> <span class='ocrx_word' id='word_1_295' title='bbox 1244 3900 1352 3966; x_wconf 90' lang='lat' dir='ltr'><strong>redar-</strong></span> 
     </span>
     <span class='ocr_line' id='line_1_35' title="bbox 206 4008 1351 4097; baseline -0.003 -23"><span class='ocrx_word' id='word_1_296' title='bbox 206 4009 325 4097; x_wconf 85' lang='lat' dir='ltr'><strong>guendi</strong></span> <span class='ocrx_word' id='word_1_297' title='bbox 349 4008 551 4094; x_wconf 86' lang='lat' dir='ltr'><strong>documenta,</strong></span> <span class='ocrx_word' id='word_1_298' title='bbox 574 4010 651 4075; x_wconf 92' lang='lat' dir='ltr'><strong>dum</strong></span> <span class='ocrx_word' id='word_1_299' title='bbox 674 4009 715 4075; x_wconf 89' lang='lat' dir='ltr'><strong>ad</strong></span> <span class='ocrx_word' id='word_1_300' title='bbox 737 4013 819 4076; x_wconf 73' lang='lat' dir='ltr'><strong>vada</strong></span> <span class='ocrx_word' id='word_1_301' title='bbox 837 4012 961 4077; x_wconf 77' lang='lat' dir='ltr'><strong>cucrrclu</strong></span> <span class='ocrx_word' id='word_1_302' title='bbox 975 4011 1078 4076; x_wconf 81' lang='lat' dir='ltr'><strong>Rhcm&#39;</strong></span> <span class='ocrx_word' id='word_1_303' title='bbox 1100 4031 1275 4093; x_wconf 83' lang='lat' dir='ltr'><strong>moremur,</strong></span> <span class='ocrx_word' id='word_1_304' title='bbox 1298 4030 1351 4092; x_wconf 93' lang='lat' dir='ltr'><strong>pe·</strong></span> 
     </span>
     <span class='ocr_line' id='line_1_36' title="bbox 205 4114 1354 4202; baseline -0.001 -22"><span class='ocrx_word' id='word_1_305' title='bbox 205 4115 370 4181; x_wconf 83' lang='lat' dir='ltr'><strong>teremns?</strong></span> <span class='ocrx_word' id='word_1_306' title='bbox 416 4114 535 4181; x_wconf 87' lang='lat' dir='ltr'><strong>Tacere</strong></span> <span class='ocrx_word' id='word_1_307' title='bbox 564 4116 665 4202; x_wconf 91' lang='lat' dir='ltr'><strong>igitur</strong></span> <span class='ocrx_word' id='word_1_308' title='bbox 692 4138 791 4201; x_wconf 90' lang='lat' dir='ltr'><strong>quam</strong></span> <span class='ocrx_word' id='word_1_309' title='bbox 819 4119 950 4183; x_wconf 87' lang='lat' dir='ltr'><strong>latranti</strong></span> <span class='ocrx_word' id='word_1_310' title='bbox 979 4117 1172 4201; x_wconf 88' lang='lat' dir='ltr'><strong>respondere</strong></span> <span class='ocrx_word' id='word_1_311' title='bbox 1199 4116 1233 4180; x_wconf 93' lang='lat' dir='ltr'><strong>in</strong></span> <span class='ocrx_word' id='word_1_312' title='bbox 1262 4135 1354 4199; x_wconf 88' lang='lat' dir='ltr'><strong>prae·</strong></span> 
     </span>
     <span class='ocr_line' id='line_1_37' title="bbox 206 4221 1353 4307; baseline 0 -21"><span class='ocrx_word' id='word_1_313' title='bbox 206 4244 280 4288; x_wconf 87' lang='lat' dir='ltr'><strong>aens</strong></span> <span class='ocrx_word' id='word_1_314' title='bbox 308 4223 509 4306; x_wconf 86' lang='lat' dir='ltr'><strong>praestabat:</strong></span> <span class='ocrx_word' id='word_1_315' title='bbox 541 4223 688 4306; x_wconf 88' lang='lat' dir='ltr'><strong>interim,</strong></span> <span class='ocrx_word' id='word_1_316' title='bbox 720 4223 797 4289; x_wconf 91' lang='lat' dir='ltr'><strong>dum</strong></span> <span class='ocrx_word' id='word_1_317' title='bbox 825 4225 965 4290; x_wconf 89' lang='lat' dir='ltr'><strong>recolere</strong></span> <span class='ocrx_word' id='word_1_318' title='bbox 993 4223 1173 4307; x_wconf 91' lang='lat' dir='ltr'><strong>hospitium</strong></span> <span class='ocrx_word' id='word_1_319' title='bbox 1196 4221 1353 4286; x_wconf 88' lang='lat' dir='ltr'><strong>Mediola-</strong></span> 
     </span>
     <span class='ocr_line' id='line_1_38' title="bbox 206 4330 1352 4417; baseline -0.001 -23"><span class='ocrx_word' id='word_1_320' title='bbox 206 4352 304 4394; x_wconf 87' lang='lat' dir='ltr'><strong>nense</strong></span> <span class='ocrx_word' id='word_1_321' title='bbox 326 4352 385 4414; x_wconf 91' lang='lat' dir='ltr'><strong>per</strong></span> <span class='ocrx_word' id='word_1_322' title='bbox 407 4330 587 4395; x_wconf 73' lang='lat' dir='ltr'><strong>feliciorem</strong></span> <span class='ocrx_word' id='word_1_323' title='bbox 609 4335 795 4415; x_wconf 89' lang='lat' dir='ltr'><strong>temporum</strong></span> <span class='ocrx_word' id='word_1_324' title='bbox 818 4332 1098 4417; x_wconf 89' lang='lat' dir='ltr'><strong>opportunitatem</strong></span> <span class='ocrx_word' id='word_1_325' title='bbox 1120 4332 1262 4415; x_wconf 90' lang='lat' dir='ltr'><strong>licuerit,</strong></span> <span class='ocrx_word' id='word_1_326' title='bbox 1293 4352 1352 4394; x_wconf 92' lang='lat' dir='ltr'><strong>suo</strong></span> 
     </span>
     <span class='ocr_line' id='line_1_39' title="bbox 207 4436 1139 4524; baseline 0.004 -24"><span class='ocrx_word' id='word_1_327' title='bbox 207 4436 342 4522; x_wconf 90' lang='lat' dir='ltr'><strong>quisque</strong></span> <span class='ocrx_word' id='word_1_328' title='bbox 365 4437 539 4521; x_wconf 87' lang='lat' dir='ltr'><strong>arbitratu,</strong></span> <span class='ocrx_word' id='word_1_329' title='bbox 562 4438 626 4502; x_wconf 86' lang='lat' dir='ltr'><strong>utri</strong></span> <span class='ocrx_word' id='word_1_330' title='bbox 649 4439 723 4522; x_wconf 91' lang='lat' dir='ltr'><strong>plus</strong></span> <span class='ocrx_word' id='word_1_331' title='bbox 747 4440 898 4523; x_wconf 86' lang='lat' dir='ltr'><strong>confidat,</strong></span> <span class='ocrx_word' id='word_1_332' title='bbox 920 4441 990 4524; x_wconf 90' lang='lat' dir='ltr'><strong>ipse</strong></span> <span class='ocrx_word' id='word_1_333' title='bbox 1014 4439 1139 4505; x_wconf 85' lang='lat' dir='ltr'><strong>viderit</strong></span> 
     </span>
    </p>
   </div>
   <div class='ocr_carea' id='block_1_3' title="bbox 0 0 1508 5004">
    <p class='ocr_par' dir='ltr' id='par_1_5' title="bbox 0 0 1508 5004">
     <span class='ocr_line' id='line_1_40' title="bbox 0 0 1508 5004; baseline 0 0"><span class='ocrx_word' id='word_1_334' title='bbox 0 0 1508 5004; x_wconf 95' lang='lat' dir='ltr'><strong> </strong></span> 
     </span>
    </p>
   </div>
  </div>
 </body>
</html>
