2992 5004
214 334 279 400 296
502 349 767 399 rnoansounue
790 350 837 396 nn
860 350 1070 399 narroumvs

214 495 269 560 diu
292 495 445 581 perstitit
483 494 576 572 Quod
600 495 655 579 qui
678 494 765 578 fecit,
788 516 854 559 non
878 495 919 560 ab
942 517 990 580 eo,
1013 494 1097 560 unde
1121 493 1360 580 Odescriptus,

215 602 323 668 codice
346 602 512 687 profectus
536 606 594 686 est,
618 601 674 668 sed
694 602 802 686 aliquo
822 602 1004 687 antiquiore
1024 625 1120 668 usus:-
1138 602 1170 666 id
1189 602 1275 688 quod
1293 625 1361 669 non

214 731 310 795 posse
333 730 400 774 non
423 709 471 775 ita
493 731 563 775 esse
586 708 673 775 infra
696 709 873 793 apparebit.

304 922 336 988 l)
360 923 573 990 Vaticanus
597 925 694 1010 3870,
718 925 884 1010 eleganter
906 925 994 1011 picto
1018 924 1139 1010 insigni
1163 926 1271 1010 gentis
1294 924 1361 991 Me·

215 1032 324 1098 diceae
348 1035 499 1117 ornatus,
531 1032 617 1117 quod
641 1054 706 1096 non
730 1032 842 1097 dubito
867 1032 945 1118 quin
969 1031 1009 1097 ad
1032 1030 1152 1097 Leonis
1175 1032 1206 1097 X
1229 1033 1362 1117 pontifi-

216 1143 325 1206 catum
349 1142 481 1224 spectet.
527 1138 624 1204 Hunc
647 1139 843 1224 simulatque
866 1139 901 1203 in
922 1137 1082 1204 Vaticana
1103 1140 1244 1224 repperi,
1266 1140 1361 1206 intel·

215 1247 281 1312 leri
312 1246 406 1311 illum
438 1245 582 1311 codicem
611 1268 695 1331 esse,
728 1268 823 1331 quem
855 1245 894 1311 de
926 1246 1001 1311 crisi
1029 1244 1134 1312 Plaut.
1157 1271 1188 1332 p.
1214 1248 1276 1314 156
1292 1270 1360 1333 sqq.

217 1356 273 1435 [=
288 1351 405 1437 Opusc.
429 1352 510 1437 phil.
523 1352 556 1418 11
579 1376 609 1437 p.
624 1353 645 1418 5
660 1356 741 1438 sqq]
766 1375 783 1418 a
806 1353 984 1440 Poggianis
1008 1354 1156 1439 epistulis
1180 1354 1361 1420 docuissem

217 1484 237 1524 a
281 1458 443 1526 Nrcoauo
485 1459 710 1526 Taavaasu-sr
755 1461 789 1526 in
834 1459 1009 1526 Germania
1053 1461 1286 1547 investigatum
1333 1485 1360 1528 a.

217 1584 489 1634 croccccxxvmr
511 1567 650 1632 Romam
673 1568 868 1652 pervenisse,
890 1566 1022 1633 lordani
1036 1565 1166 1632 Vrsini
1191 1567 1363 1634 cardinalis

217 1675 367 1741 manibus
394 1675 559 1741 traditum.
605 1672 759 1741 Continet
785 1675 813 1740 is
841 1675 875 1739 in
900 1690 1028 1739 cccvnr
1053 1674 1248 1740 membranis
1272 1697 1363 1761 prae·

216 1786 266 1847 ter
297 1783 493 1867 posteriores
526 1781 654 1847 fabulas
684 1781 749 1847 XII
776 1782 829 1846 his
857 1783 1054 1866 praemissas
1083 1782 1364 1867 Amphitruonem,
1471 1765 1476 1776 ⁸

216 1889 422 1973 Asinariam,
458 1889 664 1955 Aululariam
706 1891 739 1953 et
779 1887 947 1954 dimidiam
988 1892 1115 1973 partem
1153 1887 1364 1973 Captivorum

216 2019 318 2082 usque
342 1996 382 2061 ad
405 1995 463 2081 III,
488 1997 518 2080 2,
532 1996 566 2061 4:
590 2016 709 2060 vacuas
733 1995 871 2080 paginas
894 1994 994 2060 habet
1016 2018 1116 2062 unam
1140 1998 1173 2059 at
1196 1994 1363 2062 dimidiam

216 2104 237 2169 f.
266 2104 308 2169 59
337 2105 372 2168 in
400 2104 464 2168 fine
492 2102 695 2186 Aululariae,
727 2123 783 2166 sex
817 2101 914 2166 ΗΟ.
939 2103 990 2167 71.
1015 2102 1057 2166 72
1090 2106 1167 2186 post
1199 2100 1365 2190 Captivos,

216 2215 343 2295 partem
366 2209 505 2294 paginae
528 2208 551 2274 f.
566 2209 639 2274 20b
663 2212 740 2293 post
764 2207 1011 2292 Amphitruonis
1035 2208 1094 2293 IV,
1108 2210 1136 2275 2.
1167 2209 1248 2277 Elius
1271 2216 1365 2278 tanta

219 2321 269 2383 est
288 2340 361 2383 cum
375 2317 404 2383 C
418 2316 606 2396 similitudo,
630 2320 750 2382 utnon
770 2317 874 2382 solum
895 2319 1011 2400 aetate,
1035 2316 1215 2400 scripturae
1239 2339 1365 2403 genere,

217 2426 322 2491 forma
341 2425 603 2490 membranarum
621 2446 754 2508 prorsus
774 2423 904 2508 gemelli
918 2423 999 2506 sint,
1022 2423 1078 2487 sed
1097 2424 1195 2489 etiam
1213 2447 1364 2492 versuum

217 2532 426 2597 distinctions
450 2532 501 2597 vel
524 2532 634 2616 potius
658 2553 724 2596 non
748 2531 902 2597 distincta
920 2531 1146 2616 continuitate,
1170 2537 1266 2619 atque
1285 2534 1364 2600 adeo

219 2638 426 2704 multitudine
447 2660 597 2704 versuum
617 2639 650 2703 in
670 2638 808 2724 singulis
827 2638 1022 2724 paginarum
1042 2640 1247 2724 scriptorum.
1270 2640 1365 2707 Eius·

218 2748 290 2812 dem
319 2749 428 2811 autern
452 2745 619 2811 Vrsiniani
653 2744 808 2810 beneficio
841 2744 964 2830 patuit,
997 2767 1078 2831 quae
1106 2745 1233 2831 utrique
1261 2746 1366 2813 codici

218 2879 291 2922 cum
324 2853 443 2919 Vetere
477 2853 681 2939 cognationis
715 2852 799 2918 ratio
833 2852 1053 2917 intercederet
1109 2852 1171 2930 Qui
1203 2876 1276 2920 cum
1308 2877 1366 2940 per

218 2962 341 3046 primas
372 2959 556 3028 comoedias
587 2960 690 3026 multo
721 2982 818 3046 quam
847 2982 906 3045 par
936 2961 1133 3045 posteriores
1161 2960 1365 3052 coustantius

219 3090 268 3136 ΒΗ
299 3091 450 3135 versuum
480 3069 515 3132 in
545 3068 683 3153 singulis
713 3068 843 3154 paginis
874 3088 1044 3133 numerum
1074 3071 1195 3151 serrat,
1228 3068 1365 3134 totidem

219 3176 373 3262 apparuit
395 3175 608 3241 Vrsinianum
630 3176 666 3240 in
688 3175 774 3240 binis
798 3175 927 3261 paginis
952 3172 1085 3261 (quippe
1109 3197 1204 3240 senos
1228 3179 1261 3240 et
1283 3175 1366 3241 vice·

218 3307 279 3350 nos
303 3286 337 3350 in
361 3281 514 3369 singulis)
537 3284 735 3368 perscriptos
760 3283 926 3349 exhibere:
948 3283 995 3347 ita
1018 3282 1147 3367 quidem
1171 3286 1208 3347 ut
1230 3287 1297 3348 tres
1320 3283 1366 3350 fa·

99 3412 206 3452 xxxm
219 3393 314 3458 bulas
337 3390 627 3474 Amphitruonem,
652 3389 852 3475 Asinariam,
875 3389 1077 3456 Aululariam
1105 3408 1193 3456 Lvnr
1224 3392 1366 3477 paginae

219 3499 363 3583 Veteris,
390 3499 527 3564 totidem
556 3502 664 3565 autem
688 3499 894 3564 membranae
918 3495 1085 3562 Vrsiniani
1108 3497 1248 3582 capiant.
1294 3497 1366 3576 Qua

221 3607 350 3692 quidem
373 3607 587 3691 congruentia
608 3605 868 3671 luculentissime
890 3605 1049 3689 probatur
1073 3627 1111 3669 ex
1134 3626 1198 3671 uno
1221 3605 1311 3671 fonte
1334 3609 1368 3671 et

221 3713 255 3779 B
275 3716 307 3778 et
325 3710 385 3779 OD
407 3734 564 3778 manasse.
592 3711 798 3779 Discriminis
822 3714 930 3777 autam
954 3710 1083 3778 interC
1102 3716 1135 3777 et
1158 3713 1193 3778 D
1215 3713 1281 3777 fere
1304 3712 1366 3778 hoc

220 3825 348 3887 tantum
377 3819 563 3905 intercedit,
596 3819 680 3904 quod
707 3818 761 3884 hie
785 3822 818 3883 et
840 3839 906 3884 una
928 3840 1027 3883 manu
1051 3840 1151 3904 eaque
1175 3823 1227 3884 sat
1249 3841 1365 3904 aequa·

221 3929 331 3994 biliter
355 3928 494 4013 scriptus
513 3931 573 4011 est,
597 3931 629 3992 et
648 3926 813 4011 aliquanto
834 3948 931 4011 quam
946 3925 974 3992 C
990 3926 1118 4010 saepius
1138 3925 1249 3992 eadem
1269 3948 1367 3992 manu

221 4036 305 4100 iuter
324 4035 527 4100 scribendum
546 4037 716 4118 correctus,
736 4033 820 4099 etin
840 4034 1010 4099 verborum
1023 4026 1240 4099 ¹distinctione
1258 4034 1366 4100 minus

222 4144 373 4209 vitiosus:
397 4166 460 4229 quo
484 4147 635 4228 quartum
657 4142 720 4208 hoc
743 4142 877 4226 accedit,
900 4141 985 4227 quod
1004 4142 1271 4226 compendiorum
1290 4141 1365 4207 scri·

222 4251 319 4316 bendi
347 4252 457 4336 paullo
485 4251 685 4335 frequentior
712 4273 790 4316 usus
818 4251 852 4314 in
875 4249 909 4314 D
932 4252 983 4314 cst
1006 4271 1103 4333 quam
1128 4250 1179 4315 vel
1202 4249 1236 4315 in
1258 4249 1293 4314 B
1317 4252 1367 4315 vel

222 4359 256 4423 in
279 4357 317 4442 C,
345 4358 519 4443 inquibus
543 4361 890 4444 praeterqproqae,
928 4377 1026 4447 ³apro
1050 4378 1099 4442 ae,
1131 4357 1232 4442 cipro
1255 4377 1309 4422 rem
1333 4360 1367 4421 et

223 4487 306 4551 quae
325 4464 467 4530 eiusdem
486 4469 563 4530 sunt
582 4465 717 4551 generis,
739 4485 842 4550 pauca
861 4463 1039 4529 illiusmodi
1060 4465 1208 4550 exempla
1227 4467 1367 4531 exstant
