2992 5004
260 338 325 404 368
550 355 811 404 asonaoounna
833 357 880 402 oa
903 355 1115 421 narronravs

261 498 512 584 diligentissima
544 499 673 565 demum
706 500 926 584 exemplorum
958 498 1235 584 pervestigatione
1270 493 1410 559 subtilis-

260 605 406 690 simaque
434 628 622 671 caussarum
651 607 909 672 consideratione
938 628 975 672 eo
1004 605 1214 690 perveniatur
1242 607 1296 687 ut,
1329 601 1410 687 quod

259 712 303 776 sit
326 713 505 797 probabile,
527 715 752 779 ratiocinando
772 714 957 780 efficiamus.
994 713 1102 798 Atque
1120 713 1153 776 in
1171 710 1234 777 hoc
1252 711 1326 795 ipso
1342 730 1410 774 cum

259 818 414 884 laudabili
443 820 576 885 consilio
600 819 842 906 Fleckeisenus,
865 820 1126 905 Kampmannus,
1153 817 1258 884 Iulius
1282 816 1409 882 Brixius

259 923 364 1011 (cuius
383 931 493 993 tamen
506 926 599 991 falsis
615 927 812 1012 aliquotiens
826 928 865 992 de
880 927 1098 992 Ambrosiano
1118 924 1323 990 testimoniis
1338 925 1409 988 nolo

261 1055 398 1119 sponsor
420 1034 548 1120 haberi)
573 1035 784 1118 elaborarint,
808 1039 878 1099 tum
903 1033 941 1098 de
964 1031 1179 1098 Lindemanni
1203 1032 1327 1117 opella,
1351 1053 1408 1116 qua

259 1142 316 1206 ille
339 1146 415 1226 post
437 1143 642 1228 pinguiorem
666 1139 741 1208 Chr.
765 1141 881 1226 Wasii,
904 1142 1071 1226 aliquanto
1096 1145 1204 1207 autem
1227 1139 1406 1206 considera-

261 1250 378 1314 tiorem
397 1246 432 1314 O.
450 1250 486 1315 L.
504 1248 691 1316 Schneideri
709 1250 856 1316 laborem
875 1250 914 1315 de
933 1249 1125 1334 explicanda
1143 1248 1300 1334 prosodia
1318 1248 1409 1312 Plau·

260 1356 332 1422 tina
355 1357 437 1422 bene
461 1379 582 1422 merere
607 1357 741 1441 studuit,
764 1358 1013 1443 haudquaquam
1036 1378 1169 1441 possum
1192 1360 1262 1420 tarn
1285 1355 1411 1421 honori·

259 1463 319 1528 tice
349 1464 469 1530 sentire
496 1487 592 1549 quam
623 1465 693 1530 fieri
721 1487 741 1529 a
769 1465 963 1550 quibusdam
996 1465 1093 1529 solet:
1125 1467 1194 1528 tam
1228 1463 1313 1528 miro
1347 1461 1410 1526 illic
1475 1482 1477 1492 ·

260 1574 518 1655 temperamento
548 1573 582 1637 in
607 1572 743 1658 singulis
766 1572 896 1659 paginis
921 1578 954 1637 et
977 1572 1061 1637 falsa
1083 1571 1169 1636 veris
1192 1571 1298 1635 mixta
1321 1570 1410 1634 rideo

259 1679 413 1765 nulloque
437 1679 549 1746 ordine
578 1680 798 1745 diversissima
826 1701 945 1765 genera
967 1682 1087 1743 temere
1111 1677 1263 1762 confusa,
1294 1682 1328 1741 et
1350 1699 1412 1740 ma·

261 1786 345 1851 xime
373 1787 577 1853 incredibilia
606 1788 763 1854 credendo
792 1788 923 1853 modum
951 1810 1080 1853 omnem
1112 1785 1223 1851 excedi
1247 1785 1409 1871 intellego,

261 1894 350 1959 velut
368 1919 441 1960 cum
459 1902 563 1961 cutem
581 1896 774 1962 vocabulum
793 1918 852 1980 pro
871 1895 1059 1981 pyrrhichio
1079 1915 1149 1959 esse
1169 1892 1235 1958 sibi
1253 1893 1413 1977 persuasit

261 2024 393 2086 prorsus
418 2025 529 2068 eorum
553 2005 711 2088 exemplo,
735 2025 816 2088 quos
838 2024 942 2087 nuper
964 2024 1031 2068 non
1055 2001 1194 2065 multum
1214 2000 1332 2066 abesse
1350 1999 1411 2064 dixi

264 2108 340 2192 quin
363 2132 438 2176 mox
461 2115 506 2176 cst
528 2113 561 2176 et
583 2110 841 2175 sollicitudinibus
863 2109 1093 2175 vocabulorum
1116 2129 1305 2174 mensuram
1325 2127 1411 2173 exae-

263 2220 401 2299 quantes
430 2215 574 2283 habituri
602 2218 710 2283 simus.
757 2217 832 2302 Ipse
861 2220 969 2281 autem
997 2218 1126 2281 tantum
1148 2215 1243 2279 abest
1266 2218 1306 2279 ut
1329 2236 1413 2300 prae·

264 2322 424 2388 iudicatae
461 2324 500 2388 de
533 2325 676 2409 perfecta
709 2325 848 2410 quadam
881 2323 1045 2409 elegantia
1077 2322 1233 2388 Plautina
1271 2321 1413 2407 opinioni

150 2453 253 2493 oxvrn
268 2430 378 2495 videar
399 2431 535 2497 nimium
558 2432 726 2516 tribuisse,
754 2432 834 2496 illud
857 2435 894 2496 ut
916 2432 1025 2516 potius
1049 2452 1162 2496 verear
1183 2452 1224 2494 ne
1251 2431 1413 2515 asperiora

265 2538 424 2622 quaedam
447 2538 547 2604 nimia
570 2540 731 2623 patientia
758 2539 928 2623 reliquisse
952 2537 1053 2622 dicar,
1080 2559 1163 2622 quae
1185 2537 1303 2603 futura
1327 2541 1412 2603 aetas

264 2667 330 2712 non
354 2647 458 2732 magis
482 2669 578 2732 quam
602 2671 621 2712 a
644 2668 695 2715 me
717 2669 802 2712 nunc
825 2647 961 2730 expulsa
983 2647 1164 2712 toleratura
1187 2646 1239 2710 sit.
1286 2645 1326 2710 In
1349 2644 1413 2729 qui·

265 2753 325 2819 hus
350 2758 428 2819 sunt
450 2755 490 2819 de
514 2755 632 2840 quibus
655 2755 720 2819 iam
742 2745 828 2818 nunc
851 2753 1004 2837 incipiam
1022 2752 1101 2816 mihi
1119 2753 1189 2836 ipse
1210 2772 1412 2817 suscensere:

265 2862 354 2927 velut
387 2861 472 2947 quod
503 2884 568 2927 non
602 2860 744 2926 severius
777 2860 925 2926 consului
958 2860 996 2924 de
1028 2860 1172 2925 senectuti
1204 2882 1233 2926 v.
1257 2860 1325 2925 398
1358 2880 1412 2943 pro

264 2967 444 3053 saccae),
468 2970 598 3053 cumei,
621 2967 706 3054 quod
725 2968 867 3052 aliquam
887 2966 1126 3033 excusationem
1146 2967 1304 3052 admittit,
1327 2989 1413 3053 prue-

266 3079 332 3141 stet
355 3078 439 3161 quod
463 3099 503 3142 ne
527 3081 622 3162 egeat
644 3076 773 3160 quidem
797 3077 1017 3160 excusatione,
1044 3076 1204 3162 peritique
1233 3078 1351 3158 poetae
1374 3073 1413 3137 sit

265 3183 305 3248 de
328 3182 452 3249 duabus
476 3183 589 3249 formis
613 3183 760 3249 bonitate
784 3184 917 3267 paribus
937 3206 1009 3249 eam
1028 3183 1168 3268 deligere
1192 3204 1277 3268 quae
1302 3184 1412 3265 suapte

263 3293 382 3356 natura
410 3296 513 3358 metro
541 3293 585 3357 sit
613 3293 894 3358 accommodatior.
941 3291 1142 3375 Quamquam
1171 3291 1206 3354 in
1231 3288 1296 3355 hac
1325 3293 1413 3374 parte

266 3419 304 3463 eo
333 3420 384 3463 me
412 3401 579 3485 aequiores
608 3401 729 3466 iudices
757 3404 963 3486 experturum
992 3399 1131 3483 confido,
1164 3420 1227 3484 quo
1264 3398 1414 3463 incertior

265 3506 412 3591 ipsorum
444 3507 557 3573 finium
589 3507 720 3574 illorum
749 3507 917 3592 discriptio
947 3511 1012 3590 est,
1044 3527 1125 3592 quos
1153 3506 1240 3571 ultra
1269 3506 1413 3590 citraque

266 3618 407 3699 nequeat
430 3615 608 3681 consistere
632 3619 764 3680 rectum.
1138 3694 1149 3712 x

355 3720 401 3786 Et
423 3723 554 3788 initium
578 3722 707 3806 quidem
731 3722 836 3788 habeo
860 3744 917 3787 cur
941 3745 960 3787 a
983 3721 1165 3807 neglecta
1188 3721 1224 3784 vi
1249 3719 1413 3804 positio·

179 3904 181 3918 Ι
266 3828 326 3892 nis
361 3829 496 3913 capiam.
543 3829 615 3906 Qua
644 3831 679 3894 in
708 3852 742 3894 re
772 3829 933 3894 Plautinis
965 3829 1086 3894 criticis
1118 3827 1279 3892 maximae
1309 3826 1413 3893 fraudi

267 3935 334 4000 sive
363 3935 507 4002 Terentii
536 3938 602 4002 sive
630 3936 813 4002 Bentleiani
841 3937 985 4002 Terentii
1013 3936 1194 4020 exemplum
1221 3934 1295 3999 fuit.
1343 3935 1414 4001 Non

267 4064 420 4127 quaeram
443 4067 529 4111 nunc
552 4049 662 4111 utrum
685 4045 867 4130 asperiores
892 4045 954 4109 sibi
978 4067 1073 4130 quam
1098 4043 1236 4108 Plautus
1264 4065 1414 4109 numeros

266 4149 437 4217 Terentius
460 4152 642 4238 indulserit,
665 4176 707 4218 an
730 4153 826 4218 huius
847 4153 1040 4237 comoediae,
1063 4157 1100 4218 ut
1119 4151 1299 4217 studiosius
1321 4152 1415 4217 etiarn

267 4279 364 4342 quam
396 4259 566 4327 Plautinae
604 4264 637 4326 et
673 4260 839 4326 lectitatae
872 4263 905 4325 et
938 4283 957 4325 a
991 4259 1212 4344 grammaticis
1249 4261 1416 4340 tractatae,

355 4487 380 4554 *)
400 4486 454 4557 [cf.
473 4492 567 4544 annot.
586 4490 616 4545 in
634 4490 677 4547 ed.
697 4490 759 4559 alt]
