2986 5010
455 391 720 439 uuaunarronrs
745 390 951 438 curvamus.
1210 374 1272 438 441

226 585 633 601 ..........
669 533 898 600 demdnstretis
921 537 976 615 qut
999 551 1071 597 eam
1095 533 1275 598 abstulerit.

227 691 724 706 ............
758 644 787 707 st
811 642 934 725 amant,
958 642 1121 725 sapienter
1143 640 1275 707 faciunt.

227 800 724 814 ............
754 749 919 814 ttamdbo
945 752 977 813 et
1000 753 1032 812 te
1057 748 1275 832 amplexabor.

132 890 195 956 Sed
219 893 317 958 etiam
341 893 374 957 in
398 892 571 958 trochaicis
594 891 807 977 iambicisque
826 891 973 957 versibus
993 891 1129 956 alteram
1149 891 1275 955 solutae
1369 957 1380 985 ,

129 999 210 1064 arsis
237 998 399 1082 syllabam
431 998 477 1064 sic
505 1019 575 1063 csse
599 1019 672 1062 cum
694 996 787 1061 hiatu
811 1002 994 1082 correptam
1017 998 1162 1063 nondum
1184 999 1275 1081 potui

130 1105 208 1170 mihi
233 1105 439 1190 persuadere:
473 1127 539 1171 non
563 1104 595 1168 id
620 1104 716 1168 aliam
741 1103 782 1169 ob
806 1125 970 1188 caussam,
999 1128 1096 1191 quam
1119 1105 1204 1189 quod
1228 1110 1275 1168 ta·

134 1211 213 1276 lium
238 1215 457 1298 exemplorum
485 1212 587 1277 nimia
615 1212 649 1276 in
677 1211 805 1277 circiter
828 1211 947 1298 viginti
969 1212 1102 1278 milibus
1126 1235 1275 1277 versuum

129 1319 276 1403 paucitas
301 1323 378 1384 est.v
404 1319 517 1404 ltaque
544 1319 752 1383 vehementer
782 1317 895 1384 dubito
919 1342 998 1384 num
1021 1317 1101 1385 aare
1123 1341 1220 1383 cauca
1244 1324 1278 1384 et

129 1427 182 1490 1άᾶ
205 1427 343 1508 iufamia
367 1427 445 1491 satis
468 1425 545 1489 fidei
565 1425 710 1489 habeant
733 1424 849 1490 Bacch.
873 1426 899 1508 l,
926 1429 954 1509 1,
980 1428 1018 1491 17
1044 1432 1077 1491 91
1099 1427 1156 1511 ΙΙΙ,
1178 1430 1205 1511 1,
1228 1429 1277 1496 14,

129 1533 185 1616 qui
209 1555 321 1599 versus
344 1533 455 1599 nescio
479 1555 521 1597 an
545 1531 592 1596 sic
615 1554 679 1597 uon
703 1532 906 1598 incommode
930 1533 1129 1598 scribantur:

220 1662 310 1742 Ddae
333 1698 380 1742 me
402 1698 501 1741 unum
526 1673 678 1759 expetitis
702 1675 902 1759 palumbem:
926 1675 992 1741 idm
1002 1673 1033 1760 *)
1058 1677 1181 1743 arundo
1205 1677 1276 1742 alas

984 1783 1147 1849 ue‘rberat:

218 1880 292 1954 Tria
316 1888 410 1976 tc**)
434 1890 568 1955 infamia
591 1890 700 1955 fecisti
723 1888 947 1975 gerulifigulos
970 1890 1089 1976 flagiti:

129 2055 205 2097 nam
229 2033 262 2096 in
285 2033 394 2118 priore
411 2034 495 2115 perti
517 2037 629 2117 potest
650 2031 837 2118 interpretis
857 2053 926 2097 csse
945 2034 1154 2116 proverbium
1175 2035 1275 2119 expli-

129 2140 242 2204 cantis.
288 2137 364 2204 Non
392 2139 557 2204 difficilius
581 2144 631 2205 cst
654 2137 852 2223 inserto'epo
877 2139 973 2205 Mera.
997 2140 1037 2225 V,
1061 2142 1092 2225 2,
1116 2144 1136 2207 4
1160 2143 1276 2208 tollere
1373 2160 1378 2170 '¹

128 2246 212 2311 (1όωῖ
234 2251 314 2311 erat:
964 2272 966 2275 ’

218 2388 314 2454 dei
333 2394 404 2455 erat
423 2390 508 2475 quod
528 2412 588 2476 ego
595 2386 665 2476 ***)
680 2389 916 2474 quaeritabam:
936 2392 991 2456 sex
1007 2391 1126 2456 sodalis
1141 2392 1276 2475 re‘ppcri.

104 2526 108 2541 ‘
129 2530 331 2617 Quamquam
360 2532 398 2598 dc
426 2532 489 2598 hoc
517 2532 716 2618 singularem
745 2533 788 2598 ob
812 2557 961 2599 caussam
984 2534 1109 2600 cautius
1134 2533 1274 2599 iudican-

129 2639 204 2704 dum
229 2643 287 2705 est.
332 2639 419 2704 Nam
443 2661 516 2704 cum
540 2640 651 2704 eadem
675 2641 776 2724 ratio,
799 2663 864 2725 qua
887 2641 1094 2706 continentur
1117 2637 1168 2704 rrce'
1186 2639 1277 2705 roua

129 2751 162 2811 et
185 2746 261 2811 adm
283 2747 381 2825 habos,
405 2747 490 2811 inter
513 2747 597 2812 ddoct
620 2752 664 2812 est
685 2752 718 2811 et
741 2748 865 2812 clericam
889 2753 932 2813 cst
954 2747 1144 2829 intercedat,
1166 2751 1276 2811 tamen
1291 2768 1360 2808 ccrv

129 2874 202 2918 cum
235 2852 296 2918 hoc
330 2858 492 2938 postremo
526 2852 611 2937 quod
644 2855 825 2936 comparari
858 2857 969 2937 queat,
1002 2874 1040 2915 ex
1073 2852 1275 2937 undeviginti

129 2960 250 3024 fabulis
273 2959 436 3025 Plautinis
465 2959 545 3024 nihil
575 2959 738 3041 recordor,
771 2960 805 3024 in
828 2958 1097 3024 una'Mcrcatorc
1121 2958 1189 3023 scio
1212 2959 1277 3023 tria

129 3067 275 3151 exempla
300 3073 425 3132 exstare
449 3067 474 3150 Ι,
493 3068 523 3151 2,
543 3068 594 3132 69.
622 3066 663 3150 Il,
681 3066 712 3151 4,
734 3069 783 3131 11.
811 3065 850 3149 V,
869 3068 899 3150 2,
917 3068 976 3131 47:

221 3210 323 3274 Trium
346 3210 493 3275 amicam.
539 3207 623 3286 Quid
648 3208 742 3273 eam?
788 3207 888 3272 Vidit.
936 3207 1051 3272 Vidit?
1074 3230 1134 3273 uae
1157 3207 1276 3273 miserd

983 3317 1073 3381 mihi.

220 3424 322 3488 Totam
346 3423 495 3488 amicam.
526 3423 673 3490 Nimium
692 3424 835 3494 ¹multum
860 3421 934 3489 scis.
967 3422 1047 3489 Tuis
1071 3423 1232 3517 ingratiis.

223 3531 323 3594 Titum
346 3532 494 3596 amicam.
523 3530 607 3608 Quid
631 3533 725 3596 cam?
747 3530 814 3596 Vbi
838 3531 891 3614 sit,
915 3532 974 3616 ego
998 3531 1074 3595 scio.
1108 3528 1198 3594 'l’une
1222 3529 1276 3593 ob-

984 3638 1099 3702 sacro?

131 3763 211 3827 Tam
235 3763 314 3828 haec
338 3763 476 3849 gemella
501 3768 589 3847 sunt,
619 3768 654 3828 ut
682 3764 720 3829 de
748 3764 937 3850 integritate
962 3763 1140 3845 scripturae
1164 3761 1218 3825 vix
1241 3761 1277 3825 li·
1392 3784 1400 3799 ·

131 3874 202 3934 ceat
226 3870 381 3935 dubitare.
412 3870 526 3954 Itaque
549 3871 611 3935 hoc
635 3893 730 3934 omne
753 3871 840 3935 illius
864 3870 1064 3956 quaestionis
1089 3868 1277 3952 opportuni·
1399 3881 1401 3885 ’

131 3978 192 4041 tati
217 3978 446 4042 reservandum
470 3982 533 4061 est,
561 4001 625 4064 qua
649 3977 727 4063 quid
750 3978 784 4042 in
806 3978 987 4043 Mercatore
1011 4000 1031 4042 a
1054 3976 1206 4041 Plautino
1231 3974 1277 4038 in·

132 4083 226 4167 genio
251 4086 284 4146 ct
307 4106 367 4147 usu
391 4084 575 4168 abhorreat,
598 4085 796 4169 expendetur
819 4083 1010 4149 accuratius.

238 4242 265 4310 *)
285 4240 338 4313 [Cf.
358 4243 453 4297 annot.
472 4240 602 4296 adhunc
621 4258 731 4297 vamum
750 4243 780 4296 ct
797 4239 887 4296 Musei
906 4241 994 4295 Rhea.
1014 4240 1064 4294 Xll
1084 4259 1109 4310 p.
1130 4240 1203 4310 457]

219 4329 261 4399 ”)
282 4329 379 4401 [Tuod
396 4327 467 4385 Nov.
487 4346 546 4385 cxc.
565 4327 657 4387 Plaut
676 4332 688 4383 l
707 4347 734 4398 p.
755 4329 809 4397 68.]

203 4417 260 4488 m)
280 4417 324 4489 [ln
343 4418 466 4476 aditione
484 4419 559 4474 domi
577 4419 607 4473 r'd
625 4423 684 4473 erut
702 4420 774 4488 qaod
787 4417 866 4474 dedit
880 4417 1048 4472 Ritsehclius
1066 4418 1167 4471 notans
1185 4417 1276 4471 Lach-

134 4523 265 4563 mannnm
284 4507 314 4564 in
333 4510 413 4564 huor.
433 4526 460 4579 p.
482 4508 554 4579 195]
861 4500 865 4517 “
