2940 5004
250 345 315 410 560
537 362 609 410 nvo
634 361 896 409 ruocnsuusus
920 362 1103 409 susurrus.

250 501 378 557 Ceterum
401 503 540 556 adcuruui
561 503 583 557 F
709 507 760 556 256
778 503 923 571 pulchrum
941 502 1005 556 libri
1132 507 1186 556 257
1212 501 1318 556 Venere
1336 506 1401 572 post

249 589 331 645 Pium
349 592 532 646 Hermannns.
570 590 665 645 uereri
689 590 768 659 libri,
795 591 948 646 toleratum
971 608 988 647 a
1007 589 1134 646 Bentleio
1153 590 1183 645 in
1201 591 1359 647 Heautont
1378 592 1398 660 I,

252 686 350 745 1,110:
369 679 444 749 qnod
464 680 517 734 etsi
536 696 587 735 sua
604 679 726 749 quadam
741 678 903 734 defensione
922 696 977 733 non
996 680 1081 748 caret,
1100 681 1195 735 tamem
1214 679 1247 733 in
1264 696 1398 749 praesens

249 768 335 822 malui
363 768 558 838 perspicuitati
585 767 730 823 consulere
860 769 907 821 cui
933 767 1037 822 ΟΜΖ
1167 769 1226 833 siut
1249 769 1271 823 F

249 858 415 925 aphrodosia
432 857 475 911 Da
604 863 657 912 258
680 856 721 910 Et
738 856 849 926 quial*
965 858 1097 926 probarat
1118 856 1152 909 R.
1187 859 1301 926 proiice
1324 858 1396 926 libri,

248 945 303 1000 nisi
322 944 396 1014 quod
413 945 543 1018 precipe
651 962 712 1001 cum
736 943 840 999 CDFZ
948 951 1000 999 aba
1028 961 1084 999 non
1107 945 1299 1004 Gronoviana.
1331 966 1397 1002 num

249 1035 294 1088 vel
312 1034 352 1089 uri
370 1034 449 1102 libri,
471 1033 526 1088 nisi
544 1032 618 1102 qnod
636 1051 677 1089 nu
697 1032 717 1088 C
835 1034 938 1088 dorsmi
955 1034 1023 1087 codo
1041 1034 1104 1087 uisui
1122 1036 1223 1090 oeteis
1241 1036 1328 1091 Decet
1345 1038 1396 1092 Bo-

248 1124 332 1179 thins.
369 1125 442 1179 decet
463 1124 565 1179 dorsuna¹
584 1123 660 1178 Oudo
682 1123 747 1177 uiui
769 1123 874 1188 ueteris
891 1121 964 1177 libri.
1002 1123 1071 1176 cado
1093 1124 1193 1178 ueteris
1211 1126 1279 1180 uiui
1296 1127 1397 1181 dom

249 1211 333 1266 Decet
354 1229 418 1268 cnm
436 1211 532 1268 Reiaio
550 1213 726 1267 Hermannus
870 1217 921 1265 260
932 1228 972 1279 sq.
1010 1211 1087 1266 Duos
1108 1211 1252 1270 trimetros
1273 1216 1396 1285 praetuli

249 1300 412 1356 hexametro
430 1300 573 1356 Reiaiano.
609 1300 748 1357 Iambicos
766 1316 855 1371 nuper
874 1299 1016 1369 discripsit
1032 1301 1222 1358 Hermannus:

356 1426 421 1479 Iam
438 1426 528 1480 udone
545 1441 586 1479 ure
603 1425 676 1479 decet
694 1426 762 1479 codo
780 1425 882 1480 donari
899 1426 999 1482 ecee
1016 1425 1100 1480 uiui?

356 1514 412 1569 Dic
429 1516 503 1572 dore.
530 1515 602 1568 arbit
620 1513 784 1584 respondes?
812 1516 911 1584 linqua
928 1516 993 1570 huic
1010 1517 1126 1582 aedit,
1145 1520 1176 1569 ul
1195 1519 1305 1585 opinor.

249 1639 316 1693 dure
333 1656 383 1710 pro
402 1641 467 1695 dori
484 1639 541 1694 iam
560 1639 654 1694 Donsa
673 1639 754 1709 Expl
772 1639 820 1707 IV,
841 1646 855 1693 1
939 1647 990 1695 261
1010 1641 1108 1710 linqua
1126 1656 1141 1694 e
1160 1641 1183 1694 B
1204 1642 1282 1696 eruit
1300 1642 1395 1698 Came-

249 1727 351 1781 rarius:
371 1726 445 1795 qnod
464 1729 559 1782 tamen
578 1728 738 1782 coniectura
756 1731 911 1798 repertum,
939 1730 989 1783 sed
1007 1731 1071 1799 post
1093 1730 1196 1784 excidit
1215 1730 1397 1802 collocatum,

249 1815 306 1870 iam
326 1816 390 1870 Ald.
409 1817 530 1876 exhibet,
567 1834 622 1871 om.
647 1816 698 1871 CD
722 1834 786 1872 cum
810 1818 902 1887 spatio
921 1835 1024 1887 vacuo,
1049 1817 1108 1873 sine
1128 1819 1222 1886 spatio
1241 1819 1290 1873 ΡΖ

248 1905 361 1959 banci?
478 1906 625 1976 aeacum
643 1905 674 1959 B.
706 1907 774 1975 quid
792 1907 836 1960 bic
854 1905 957 1975 reliqui
1077 1907 1234 1972 adstansE
1355 1910 1396 1964 ob-

248 1995 371 2063 stipuisti
389 1994 570 2050 Camerarius.
603 1995 756 2063 opstituilli
773 1993 832 2052 BC.
864 1996 1014 2061 obstituilli
1032 1994 1083 2051 Da.
1130 1996 1274 2061 obticuilli
1292 1997 1394 2066 DcFZ,

251 2082 389 2137 ‘nonnulli
407 2082 472 2137 libri
491 2082 616 2139 veteres'
636 2082 765 2138 Lambini
873 2085 991 2153 opturba
1013 2102 1064 2155 pro
1081 2085 1134 2140 obt.
1154 2083 1204 2139 Bc
1288 2103 1324 2140 ac
1342 2092 1397 2140 tuce

250 2170 432 2226 Camerarius.
470 2188 503 2225 uc
522 2175 576 2225 tote
594 2171 625 2225 B.
662 2177 749 2227 wate
767 2172 826 2231 OD.
865 2178 923 2228 tace
941 2173 995 2228 ΡΖ.
1033 2174 1069 2230 at
1087 2178 1145 2229 tace
1164 2174 1304 2229 Gruterus

338 2351 427 2416 Haec
451 2355 527 2415 sunt
549 2372 632 2436 quae
660 2353 902 2437 inpraesentia
924 2354 1100 2439 praefanda
1123 2353 1276 2420 duximus
1302 2357 1398 2422 trala-

249 2458 346 2522 ticiae
370 2458 644 2524 commendationi
668 2460 874 2524 semestrium
893 2460 1087 2545 scholarum,
1111 2485 1250 2547 quarum
1269 2464 1397 2548 copiam

250 2566 465 2630 lautissimam
495 2564 529 2629 in
557 2564 603 2628 eis
632 2586 714 2649 quae
743 2566 907 2631 subiectae
936 2571 1011 2632 sunt
1039 2568 1161 2633 tabulis
1184 2570 1281 2634 vobis
1312 2570 1399 2634 obla·

248 2676 317 2736 tam
342 2672 465 2748 vidctis.
513 2671 637 2747 Quibus
669 2672 716 2735 ita
747 2673 890 2755 utimini,
923 2676 959 2738 ut
988 2674 1155 2757 impensae
1185 2697 1311 2761 operae
1342 2698 1399 2742 nee

250 2802 308 2844 vos
332 2800 390 2844 nec
412 2801 472 2844 nos
497 2779 671 2862 paeniteat.
707 2775 832 2843 Valete.

798 3099 841 3164 Π.

390 3239 565 3306 SCAENA
588 3240 813 3308 PLAVTINA
837 3240 1031 3307 Poquul
1054 3241 1149 3308 ΑΟΤ.
1172 3243 1256 3332 ΙΙ.*)

196 3455 234 3495 111
337 3418 472 3484 Poenuli
501 3418 687 3503 Plautinae,
720 3443 816 3505 quam
845 3420 990 3516 fabulam
1022 3443 1096 3506 spes
1126 3425 1176 3486 est
1206 3425 1401 3508 propediem

248 3524 462 3609 prodituram,
496 3527 630 3591 interim
660 3549 732 3592 eam
763 3528 856 3593 vobis
889 3550 1040 3593 scaenam
1071 3530 1306 3615 proponimus,
1341 3555 1403 3618 qua

248 3631 378 3696 fabulae
401 3636 492 3698 actus
516 3632 548 3697 II
571 3634 671 3717 vulgo
695 3635 906 3700 concluditur.
951 3635 1027 3701 Non
1050 3634 1141 3699 illam
1165 3636 1302 3720 quidem
1327 3639 1402 3702 ube

248 3740 332 3805 riore
355 3740 604 3805 ratiocinatione
627 3746 824 3826 enarratam,
854 3742 910 3806 sed
941 3743 987 3807 ita
1010 3765 1081 3807 cum
1105 3764 1183 3806 cura
1207 3742 1403 3810 adnotatam

247 3851 294 3927 ut,
317 3869 389 3911 cum
413 3846 454 3911 ad
477 3849 606 3932 plenam
625 3848 891 3915 documentorum
910 3850 1063 3914 notitiam
1081 3848 1165 3913 nihil
1187 3848 1403 3934 desideretur,

248 3958 282 4017 et
304 3954 416 4018 iudicii
438 3955 574 4019 acuendi
602 3961 636 4020 et
662 3957 830 4022 exercendi
853 3956 978 4040 ingenii
1000 3955 1116 4021 idonea
1139 3957 1239 4022 vobis
1265 3960 1403 4025 materia

248 4061 282 4122 in
313 4064 467 4144 promptu
500 4061 552 4126 sit.
598 4061 711 4126 Talem
743 4061 858 4146 igitur,
895 4062 1023 4145 qualem
1055 4061 1123 4127 fere
1156 4067 1215 4127 aut-
1254 4088 1276 4129 a
1310 4071 1404 4150 poeta

247 4164 367 4230 factam
391 4170 447 4231 aut
471 4166 595 4251 aliquot
613 4150 800 4252 postillam
820 4168 958 4233 saeculis
978 4169 1160 4234 lectitatum
1180 4172 1311 4253 partim
1331 4173 1404 4238 libri

248 4274 409 4338 testantur
427 4275 546 4358 partim
565 4275 650 4339 ratio
670 4275 883 4358 commendat,
902 4275 988 4340 infra
1007 4277 1161 4359 scriptam
1182 4278 1404 4348 exhibuimus

320 4467 345 4535 *)
362 4465 553 4536 [Prooemium
567 4468 668 4523 indicis
682 4468 842 4523 scholarum
855 4468 1027 4524 aestivarum
1041 4469 1128 4523 Bonn.
1144 4485 1170 4523 a
1181 4477 1403 4548 clumcccuxu]
