2910 5010
252 345 315 407 714
477 360 710 408 nuunnnscne
734 348 953 425 inscendas,
975 358 1175 425 ADRESSEN,

808 503 838 567 b.

341 645 571 711 Vniversitatis
603 646 795 710 Fridericiae
829 644 1021 709 Guilelmiae
1054 643 1242 708 Rhenanae
1260 644 1271 726 ΙΙ
1290 644 1399 708 Hector

251 757 284 816 et
299 751 436 817 Senatus
450 752 459 838 Ι,
477 751 619 817 Civibus,
636 754 647 835 ΙΙ
664 751 859 816 Meministis
876 774 972 835 quam
987 751 1123 816 insolita
1137 750 1278 814 licentia
1296 773 1397 813 mense

251 859 399 943 Angusto
428 859 523 924 huius
552 859 628 923 anni
652 880 724 922 cum
748 858 857 942 legum
881 858 1069 921 auctoritati
1093 861 1165 921 tum
1191 880 1323 922 morum
1346 857 1395 921 ho

250 966 370 1029 nestati
393 989 413 1030 a
436 966 548 1031 multis
571 969 715 1029 vestrum
739 965 870 1028 illusum
895 965 951 1028 sit:
975 986 1072 1048 quam
1091 965 1247 1028 effrenati
1271 987 1330 1049 per
1352 987 1395 1027 ur-

251 1071 300 1135 bis
333 1072 421 1137 vicos
452 1072 612 1136 tumultus
643 1072 793 1135 nocturni
828 1070 917 1135 editi:
956 1093 1053 1154 quam
1087 1070 1258 1136 obstinate
1292 1070 1394 1135 debita

252 1166 498 1262 magistratibus
530 1177 721 1242 academicis
752 1177 957 1242 oboedientia
984 1176 1118 1241 omissa:
1158 1181 1286 1261 quanta
1313 1183 1394 1261 petu-

249 1285 354 1349 lantia
386 1307 549 1349 carcerum
581 1285 783 1368 publicorum
817 1282 942 1347 foribus
972 1282 1113 1346 effractis
1144 1288 1301 1366 eruptum
1330 1306 1393 1348 eva-

250 1413 392 1475 eumque.
439 1391 520 1455 'l'am
548 1391 681 1475 indigna
710 1389 950 1454 existimatione
978 1392 1087 1452 vestra
1114 1388 1265 1454 facinora
1294 1391 1393 1455 nobis-

250 1520 323 1578 cum
356 1497 547 1581 intellegitis
579 1519 643 1562 non
676 1498 808 1580 impune
841 1496 944 1559 licere.
992 1493 1202 1579 Quapropter
1234 1518 1307 1561 cum
1335 1498 1393 1562 alia

252 1603 389 1668 aliorum
414 1609 447 1669 et
471 1605 565 1689 culpa
588 1608 621 1668 et
645 1625 749 1687 poena
772 1602 884 1684 fuerit,
907 1606 976 1665 tum
999 1601 1033 1666 in
1056 1601 1137 1666 duos
1162 1610 1311 1668 vestrum
1334 1626 1392 1669 non

250 1711 414 1794 potuimus
439 1711 516 1795 quin
540 1733 578 1775 ea
601 1711 774 1775 severitate
798 1707 1136 1791 animadverteremus,
1161 1732 1228 1794 qua
1253 1715 1286 1775 et
1309 1711 1411 1804 iusti·⁸

250 1817 314 1881 tiae
339 1817 547 1884 sanctitudini
576 1823 608 1882 et
636 1817 784 1902 publicae
813 1815 979 1879 securitati
1008 1819 1040 1878 et
1069 1815 1277 1881 academicae
1301 1817 1392 1880 saluti

250 1923 464 2008 insigniorem
493 1925 526 1988 in
554 1925 685 1989 modum
715 1922 794 1987 satis
822 1923 921 1987 fieret.
973 1921 1061 1986 Scire
1088 1921 1193 2005 igitur
1224 1944 1282 1988 vos
1311 1925 1392 1988 voln-

249 2052 320 2095 mus
338 2032 349 2114 ΙΙ
367 2029 404 2095 Ο.
428 2032 464 2094 Α.
488 2032 526 2096 Α.
551 2030 587 2096 G.
611 2029 882 2114 Confluentinum,
904 2029 983 2093 iuris
1008 2027 1192 2093 studiosum
1207 2031 1253 2112 ,et
1277 2029 1312 2096 C.
1323 2031 1354 2094 L.
1365 2029 1393 2094 S.

250 2135 454 2223 Brigeusem,
486 2139 565 2203 item
597 2138 778 2202 studiosum
809 2137 902 2217 iuris,
924 2137 935 2218 ΙΙ
958 2157 1038 2219 qnos
1068 2135 1101 2198 in
1132 2126 1273 2201 ducibus
1303 2143 1392 2221 atque

251 2244 474 2328 antesignanis
501 2246 670 2309 turbarum
698 2243 828 2306 illarum
856 2243 955 2306 fuisse
983 2242 1203 2305 intelleximus
1234 2248 1392 2307 contuma-

251 2351 381 2434 ciaeque
401 2356 433 2414 et
452 2352 627 2435 magistros
647 2354 680 2415 et
695 2350 824 2414 eosdem
840 2348 1046 2412 administros
1065 2349 1262 2433 praecipuos
1282 2370 1392 2434 cogno·

252 2458 368 2541 vimus,
398 2456 459 2521 hac
490 2458 700 2522 universitate
729 2477 870 2541 agroque
893 2455 1057 2520 Bonnensi
1081 2479 1100 2520 a
1126 2456 1225 2520 nobis
1253 2459 1391 2523 exclusos

253 2586 323 2628 esse
352 2568 450 2649 atque
479 2565 512 2628 in
540 2567 732 2648 perpetuum
755 2563 931 2647 relegatos:
965 2562 1222 2645 confidimusque
1247 2587 1391 2629 nonme

251 2671 392 2735 diocrem
417 2677 450 2735 et
474 2669 747 2735 commendandae
770 2670 972 2733 innocentiae
996 2674 1028 2732 et
1051 2668 1198 2733 libidinis
1223 2673 1389 2756 reprimen-

251 2778 310 2841 dae
334 2778 400 2841 vim
424 2777 524 2841 talem
549 2776 729 2859 castigandi
753 2776 978 2840 necessitatem
1001 2775 1198 2842 habituram.
1232 2777 1389 2843 Debemus

252 2884 384 2948 Bonnae
408 2883 479 2947 Kal.
503 2882 578 2947 Dec.
601 2906 628 2946 n.
654 2899 867 2949 CIOIOOCCLH.

704 3118 941 3127 ,μμ

800 3275 849 3338 16.

269 3416 420 3481 Proben
443 3416 507 3479 der
531 3415 709 3479 Anreden
738 3438 784 3480 an
812 3415 871 3479 die
896 3413 1109 3480 Studenten
1133 3437 1192 3479 am
1217 3414 1369 3482 Schluss

417 3522 482 3586 der
505 3521 732 3586 Prooemien
756 3521 820 3585 der
845 3520 1230 3607 Lectionskataloge.

370 3732 404 3823 a)
428 3736 481 3800 Im
505 3736 745 3801 Prooemium
774 3735 838 3800 des
863 3735 1104 3800 Wintersem.
1131 3737 1281 3820 183es‘40

546 3876 806 3963 (gnomologium
829 3875 1103 3961 Vindobonense).

341 4019 464 4096 Quodsi
488 4042 527 4083 ex
549 4024 641 4084 tanta
664 4026 821 4103 quantam
845 4019 1123 4085 eVindobonensi
1147 4020 1258 4084 codice
1280 4041 1380 4104 propo

252 4127 373 4190 suimus
397 4129 642 4209 praeceptorum
665 4126 875 4191 multitudine
898 4148 998 4190 unum
1022 4125 1123 4208 vobis,
1146 4127 1380 4203 commilitones,

250 4231 539 4296 commendandum
568 4234 611 4297 sit
633 4237 762 4316 praeter
785 4237 892 4298 cetera
915 4255 981 4297 non
1005 4232 1187 4297 invenimus
1209 4234 1295 4320 quod
1316 4229 1380 4295 huic

250 4339 321 4402 loco
351 4339 458 4420 aptius
488 4340 543 4404 illo
572 4340 615 4403 sit
638 4340 805 4423 praeclaro
829 4339 1053 4423 pronuntiato:
1090 4338 1121 4403 oi
1145 4340 1378 4417 πεπαιδευμένοι

249 4444 345 4508 rocon
374 4448 559 4525 διαφέρουει
589 4451 656 4511 τῶν
684 4446 887 4511 ἀπαιδεύτων
914 4445 991 4511 dccv
1019 4447 1092 4510 θεὸς
1121 4449 1189 4511 τῶν
1212 4445 1379 4526 ἀνθρώπων
