2940 5004
162 391 166 398 ,
270 320 338 387 514
561 339 819 389 raonsuorrerl
843 340 890 387 ns
915 339 1124 389 narrosrnvs

359 465 572 569 Adulescens,
602 485 681 551 cedo
713 485 788 550 dum
821 485 906 551 istuc
938 509 1053 551 aurum
1084 483 1181 550 mihi.
1236 486 1338 564 Quod
1369 510 1423 574 ego

909 617 1022 659 aurum
1045 593 1158 678 dem*)
1184 594 1277 659 tibi?

268 732 401 800 Nullam
430 736 496 800 vim
523 736 623 801 habet
648 737 734 821 quod
763 737 827 801 levi
849 738 942 820 lapsu
966 737 1091 802 librarii
1115 738 1208 804 solus
1233 739 1420 804 Ambrosia-

267 866 328 908 nus
352 843 485 908 exhibet
507 865 535 907 v.
563 843 661 907 1071:
687 842 790 908 Socin’
817 843 913 908 occu
939 864 1000 925 090,
1028 865 1087 927 pro
1111 844 1218 910 secin’
1248 868 1305 929 φο
1333 847 1420 911 onte

266 952 301 1016 in
324 973 389 1035 qua
411 951 574 1035 positione
593 951 711 1035 reliqui
729 950 855 1015 codices
874 951 1086 1016 consentiunt
1121 950 1186 1049 §at
1204 959 1301 1018 certa
1319 976 1417 1018 emen·

266 1059 396 1124 datione
427 1057 509 1123 mibi
538 1057 650 1123 videor
678 1080 708 1122 v.
730 1059 796 1122 264
826 1059 1024 1124 emaculasse
1053 1059 1250 1126 addendus
1280 1063 1416 1147 reposito

266 1188 326 1251 pro
350 1165 552 1231 amends:
575 1188 635 1231 nec
657 1166 745 1231 enim
769 1165 846 1231 ullis
870 1166 1030 1231 machinis
1048 1166 1170 1231 efficies
1191 1173 1231 1232 ut
1251 1175 1341 1233 recte
1360 1170 1414 1233 dici

160 1293 250 1334 ccxcr
261 1273 396 1356 procul
422 1273 566 1337 adeum
592 1294 728 1338 ammom
755 1273 917 1357 credatur,
945 1281 1028 1358 quae
1055 1273 1118 1337 sibi
1147 1274 1293 1341 adversa
1314 1277 1413 1341 fronte

265 1384 456 1466 repugnant
501 1380 553 1445 Me
582 1382 685 1446 invito
713 1381 861 1446 relictum
889 1385 939 1446 est
966 1405 995 1446 v.
1022 1381 1085 1445 927
1116 1381 1158 1445 ab
1190 1383 1293 1448 initi0
1322 1389 1412 1448 tetra·

173 1513 175 1516 ’
264 1488 361 1553 metri
389 1489 476 1553 Mihi
503 1487 713 1573 becumen:
743 1511 801 1573 pro
829 1510 893 1573 quo
920 1511 987 1553 non
1015 1488 1128 1553 dubito
1158 1489 1200 1553 ab
1227 1489 1410 1555 Hermanno

264 1597 466 1680 propositum
498 1596 660 1661 Ldtitebdt
690 1597 768 1661 melei
800 1596 961 1680 amplecti.
1011 1594 1096 1660 Nam
1130 1601 1168 1660 ut
1200 1619 1270 1662 non
1303 1600 1410 1683 quovis

263 1708 360 1787 pacto
384 1710 417 1769 et
441 1704 510 1768 sine
534 1705 621 1768 omni
642 1704 829 1787 exceptione
847 1701 1008 1767 reicienda
1027 1702 1070 1766 sit
1088 1704 1325 1787 monosyllaba
1343 1710 1409 1769 ante

264 1816 496 1876 consonantem
523 1813 574 1874 mi
601 1811 719 1894 forme,
747 1815 857 1874 tamen
880 1795 983 1874 multo
1007 1809 1104 1872 etiam
1129 1809 1254 1874 certius
1278 1815 1408 1876 estnon

262 1917 376 2001 quovis
400 1917 496 1983 modo
515 1923 548 1982 et
566 1918 637 1982 sine
655 1917 724 1981 ulls
742 1917 890 1982 cautione
910 1915 1110 1999 probandam
1129 1938 1210 1982 esse.
1249 1916 1406 1983 Confiteor

263 2025 413 2108 equidem
439 2024 583 2089 noudum
611 2028 682 2089 tam
710 2029 798 2089 certo
826 2023 907 2088 mihi
935 2023 973 2088 de
1001 2027 1052 2087 sat
1078 2022 1208 2087 lubrica
1231 2023 1296 2090 hec
1319 2048 1404 2110 quae·

262 2132 367 2195 stione
396 2137 544 2197 constare
571 2136 621 2215 ut,
649 2132 735 2196 sitne
762 2131 821 2196 illa
848 2131 979 2196 omnino
1007 2130 1116 2213 aliqua
1142 2131 1337 2202 condicione
1359 2133 1404 2196 ad·

263 2239 364 2302 missa
387 2261 428 2302 en
452 2243 639 2303 constanter
661 2238 830 2322 repudiata
851 2239 884 2305 in
909 2237 1088 2320 comoedia,
1116 2236 1259 2302 audeam
1282 2239 1406 2304 delinire

262 2345 488 2410 confidentius:
511 2367 622 2410 verum
646 2346 674 2410 si
698 2346 793 2411 modo
817 2349 868 2410 est
891 2345 1041 2427 admissa,
1064 2343 1103 2408 de
1122 2344 1324 2411 admittendi
1343 2368 1406 2411 cou-

261 2451 386 2517 dicione
408 2451 471 2518 hoc
494 2452 604 2517 videor
628 2452 792 2517 affirmare
815 2474 921 2537 posse,
944 2456 980 2515 ut
1003 2452 1044 2515 ab
1069 2451 1134 2515 arsi
1159 2451 1330 2517 exclusam
1353 2453 1406 2517 soli

261 2579 332 2622 esse
359 2558 445 2622 thesi
474 2559 680 2624 tribuendam
709 2557 901 2645 dicam.***)
947 2559 992 2622 Et
1022 2560 1057 2624 in
1084 2558 1171 2623 thesi
1196 2560 1333 2644 quidem
1357 2583 1406 2625 nec

261 2662 409 2730 Catullus
432 2665 558 2750 defugit
581 2668 630 2731 vel
655 2668 688 2730 in
711 2667 850 2731 iambico
874 2688 967 2730 versu
991 2664 1157 2748 XXXVII,
1184 2669 1241 2731 11:

348 2827 463 2892 Puella
484 2850 560 2893 nam
583 2827 638 2911 mi,
661 2850 743 2912 quae
767 2849 837 2891 meo
864 2827 936 2891 sinu
961 2825 1054 2912 fugit,
1175 2896 1187 2907 ,

259 2987 310 3051 vel
334 2987 368 3050 in
392 2988 464 3051 basi
487 2988 527 3071 V,
551 2990 579 3053 7.
602 2988 641 3066 Χ,
664 2989 721 3052 21:

348 3129 399 3193 Da
422 3130 466 3193 mi
491 3131 583 3195 basia
605 3131 702 3208 mille,
725 3129 840 3195 deinde
864 3133 1002 3194 centum.

347 3234 393 3297 At
417 3235 461 3298 mi
485 3235 593 3300 nullus
618 3241 688 3301 erat
711 3258 815 3321 neque
839 3236 892 3300 hic
915 3257 1019 3320 neque
1042 3234 1117 3300 illic.

259 3372 321 3440 Sed
344 3379 378 3441 in
403 3379 467 3442 arsi
487 3378 638 3461 dactylici
657 3379 786 3444 demum
805 3382 922 3464 poetae
942 3377 1096 3442 ascivisse
1115 3378 1282 3447 videntur.
1324 3385 1408 3450 Vnde

160 3497 162 3500 ’
258 3485 357 3548 semel
381 3485 466 3549 idem
489 3483 637 3550 Catullus
660 3485 790 3569 LXXII,
814 3487 846 3551 6:

346 3627 452 3691 Multo
477 3628 521 3690 mi
545 3632 653 3693 temen
678 3650 711 3693 es
735 3629 833 3694 uilior
856 3616 889 3692 et
912 3628 1029 3692 leuior:

256 3773 290 3832 et
302 3768 429 3834 Ennius
444 3771 529 3854 apud
546 3770 746 3837 Macrobium
763 3771 828 3837 Sat.
844 3772 900 3856 vl,
918 3775 947 3856 1,
970 3769 1161 3836 Ciceronem
1176 3771 1217 3835 de
1234 3774 1299 3840 Off.
1316 3776 1342 3861 Ι,
1360 3779 1408 3842 12:

343 4020 368 4088 *)
389 4019 448 4090 [epo
470 4020 529 4074 dem
553 4037 653 4075 aarum
675 4037 738 4074 cum
762 4020 922 4075 Hermanno
947 4019 1118 4074 RItscheliue
1142 4018 1225 4074 dedit
1248 4023 1363 4080 addens
1384 4025 1410 4079 in

253 4108 297 4163 ed.
316 4108 379 4163 alt:
410 4109 472 4179 ‘pro
495 4126 551 4178 quo
576 4112 672 4165 temen
694 4110 780 4165 etiam
803 4111 863 4164 dc'm
886 4125 933 4179 epo
958 4126 1059 4163 aarum
1083 4107 1129 4162 vel
1153 4126 1258 4164 aurum
1287 4131 1338 4184 epo
1356 4115 1409 4169 den

253 4195 371 4264 licebst;
390 4214 437 4267 eqo
452 4216 551 4253 aarum
565 4199 624 4254 dero
638 4199 686 4268 qui
699 4199 773 4253 tueri
787 4199 872 4267 volet,
890 4200 929 4252 mi
947 4214 999 4268 pro
1016 4197 1084 4251 mihi
1101 4196 1211 4252 scribat
1224 4216 1348 4259 neeesse
1362 4208 1409 4270 est,

253 4290 370 4341 accentu
388 4287 417 4341 in
435 4287 496 4356 ipso
515 4287 569 4342 line
588 4288 744 4343 sententiae
762 4288 809 4342 vix
827 4287 1003 4358 probabili’]

324 4374 365 4444 **)
387 4377 525 4446 [Reliquit
543 4378 572 4431 in
591 4377 633 4432 ed.
648 4377 697 4432 alt.
716 4377 886 4432 Ritschslius
906 4393 970 4431 cum
989 4375 1085 4430 Reisio
1103 4377 1142 4429 mi
1160 4379 1316 4452 scribens]

306 4461 363 4531 sse)
383 4463 436 4532 [Cf.
457 4463 558 4532 Opusc,
577 4465 647 4533 phil.
667 4467 691 4518 ll
710 4483 737 4534 p.
758 4466 895 4533 5888qu
