2992 5004
276 325 340 391 378
567 342 826 391 rsousoouuua
849 343 897 389 nu
921 342 1130 391 usrrouusvs

276 489 311 553 in
333 487 494 574 principio
517 508 629 552 versus
652 487 769 571 positis
794 487 879 567 Quid
908 487 966 551 esti
995 485 1259 572 intepelldtio*):
1295 488 1427 572 quaudo

276 594 404 661 somnia
426 598 503 661 snut
517 586 566 659 'de
590 594 814 678 monosyllaba
836 595 890 659 eti
910 595 1185 679 pronuntiatione.
1233 594 1265 659 A
1290 617 1427 680 praepo

276 702 395 769 sitione
423 706 533 768 autem
558 723 626 767 non
653 706 704 766 est
731 702 852 767 mirum
879 702 1014 769 eandem
1038 703 1281 787 correptionem
1306 703 1350 768 ad
1371 705 1428 769 in-

276 811 381 878 terim
402 808 597 894 particulam
619 810 866 893 perrexissent
890 808 1018 875 CurcuL
1040 808 1096 894 IV,
1120 813 1149 894 1,
1171 810 1226 876 25.
1258 809 1368 877 Stichi
1391 811 1429 895 V,

275 919 310 1001 4,
334 917 391 982 23:
415 978 418 982 ,

343 1059 406 1126 Sed
429 1060 561 1125 interim
583 1059 670 1125 fores
688 1081 855 1144 crepuere:
877 1059 1010 1145 liuguae
1032 1059 1306 1125 moderandumst
1329 1085 1428 1128 mese

343 1166 406 1233 Sed
429 1167 569 1251 interim,
592 1169 735 1254 stratege
757 1172 878 1251 noster,
901 1173 959 1233 cur
981 1168 1034 1232 hic
1057 1172 1163 1234 cessat
1181 1168 1394 1234 cantharus?

276 1316 310 1376 ct
332 1317 369 1376 ut
391 1310 520 1377 videtur
543 1308 764 1377 Mostellariae
788 1311 829 1395 V,
854 1311 882 1394 l,
905 1311 964 1375 45:

343 1439 416 1539 Ego
440 1453 570 1518 interim
592 1452 677 1519 haue
700 1476 791 1518 aram
814 1455 979 1542 decupabo
1002 1477 1025 1519 c.
1047 1476 1075 1537 q.
1097 1475 1131 1538 s„

276 1598 423 1682 quamvis
448 1597 498 1662 ibi
520 1596 608 1661 facili
632 1618 731 1681 opera
753 1617 805 1679 epo
828 1595 982 1662 deleatur.
1028 1595 1113 1664 Nam
1135 1598 1258 1665 Persae
1282 1598 1330 1683 ΙΙ,
1358 1602 1385 1685 1,
1408 1602 1427 1665 5

276 1728 335 1790 pro
357 1705 484 1770 interim
505 1707 593 1769 recte
615 1725 700 1768 nuuc
723 1704 912 1769 restitutum
932 1709 983 1769 est
1000 1707 1124 1784 interea
1147 1706 1297 1772 eiusdem
1317 1713 1426 1772 autem

276 1834 410 1878 scaenae
433 1812 497 1877 ui
523 1812 624 1876 eiecto
647 1812 773 1876 interim
796 1812 844 1877 sic
868 1813 1074 1879 scribendum
1096 1814 1177 1878 duce
1201 1813 1426 1882 Ambrosiano

276 1921 400 1987 codice:

365 2061 469 2139 Quom
502 2066 538 2128 tu
571 2061 738 2149 ingenium
771 2063 844 2127 faus
877 2065 974 2148 sitque
1006 2063 1113 2128 infans
1145 2064 1294 2130 noudum
1329 2068 1425 2133 e‘tiam

1022 2191 1129 2234 meum
1152 2171 1393 2260 edidicisti.”)

276 2315 399 2381 Verum
427 2314 677 2400 haudquaquam
707 2315 756 2380 vis
784 2314 960 2400 positionis
989 2313 1067 2379 adeo
1095 2314 1192 2378 nihili
1220 2314 1343 2382 habita
1371 2322 1424 2401 est

275 2427 313 2489 ut
336 2422 434 2488 ctiam
457 2426 523 2489 tres
542 2426 759 2489 consonantes
778 2423 909 2487 litterae
932 2422 967 2486 iu
988 2425 1090 2486 iutro
1113 2422 1372 2506 corriperentur:
1394 2424 1424 2489 id

277 2529 362 2616 quod
390 2551 454 2594 nou
482 2530 587 2615 magis
610 2531 734 2595 factum
758 2533 808 2594 est
832 2552 930 2614 quam
954 2529 1112 2595 inhercie.
1158 2528 1236 2596 Vna
1259 2535 1289 2595 et
1314 2533 1424 2597 vocula

276 2638 404 2702 abiecta
427 2637 616 2703 Aululariae
640 2637 698 2720 III,
721 2639 751 2722 3,
774 2638 795 2702 3
818 2636 1075 2703 reconcinnetur:

365 2764 414 2845 ite
438 2802 516 2847 sane
539 2782 714 2846 nunciam
736 2782 824 2846 iutro
848 2781 961 2846 omues
985 2780 1080 2865 coqui
1103 2783 1136 2843 et
1160 2779 1322 2848 tibicinae
1333 2782 1413 2869 *Ἲς

276 2923 444 2990 leuissima
467 2923 723 3009 transpositione
747 2928 882 2990 sanatur
906 2922 1008 2989 Stichi
1031 2921 1089 3005 IV,
1115 2925 1142 3007 1,
1166 2924 1224 2988 29:

364 3072 451 3152 Dios
488 3086 666 3150 salutatum
705 3086 801 3168 sitque
838 3107 971 3150 uxorem
1008 3087 1096 3151 iutrd
1133 3085 1231 3151 modo
1269 3085 1423 3152 deuortdr

1127 3192 1275 3276 domum3

276 3336 536 3403 commodissime
559 3336 706 3422 procedit
727 3337 763 3400 in
786 3336 904 3401 senarii
927 3336 1069 3421 speciem
1092 3335 1133 3398 eb
1158 3334 1344 3401 editoribus
1367 3336 1422 3401 mi-

175 3471 262 3514 oxxr
276 3467 346 3511 sere
369 3444 578 3512 detruncatus
602 3444 805 3530 septenarius
827 3442 935 3509 Aulul.
958 3443 1001 3521 ΙΙ,
1024 3445 1055 3527 8,
1078 3443 1133 3507 23:

364 3587 527 3655 Nimirum
556 3587 697 3672 occidor,
730 3588 793 3653 uisi
822 3608 883 3673 ego
912 3588 1000 3653 iutro
1028 3587 1091 3652 huc
1118 3586 1256 3671 pr6pere
1281 3611 1421 3675 propero

1126 3699 1265 3778 currere,

274 3788 486 3796 .—-..---——-⁴

274 3946 342 4001 item
362 3946 392 4002 in
410 3942 584 4002 emendando
603 3961 627 3997 v.
639 3948 700 4011 725,
718 3943 766 3999 ubi
784 3945 828 3998 est·
841 3941 1011 4013 phurdtrum.
1040 3943 1072 3997 In
1085 3936 1220 3997 edchlsom
1238 3943 1339 4012 paullo
1358 3946 1420 3999 snte

275 4035 314 4106 [p.
333 4035 398 4106 374]
418 4034 508 4091 oratio
526 4033 634 4089 incidit.
674 4033 727 4105 [Cf.
748 4033 848 4104 Opuse.
868 4033 942 4103 phiLv
957 4033 982 4086 ΙΙ
1002 4052 1029 4104 p.
1049 4037 1181 4100 ssesqq„
1201 4031 1297 4104 aliut]

382 4126 406 4193 ⁸)
428 4123 505 4195 [‘nee
524 4122 598 4178 euim
617 4122 787 4178 Buechelero
806 4123 1019 4179 adsentiendum
1039 4123 1073 4177 de
1091 4120 1162 4176 decl.
1182 4122 1288 4190 psus)
1320 4122 1420 4194 Triu']

363 4212 404 4282 ΙΙ’*)
425 4212 526 4285 [Quom
551 4229 638 4268 meum
663 4214 803 4282 inperitum
828 4214 849 4280 f.
874 4232 899 4268 o.
924 4214 943 4267 i.
969 4219 1000 4268 tu
1025 4211 1148 4266 noudum
1174 4210 1260 4264 ctiam
1286 4212 1422 4268 odididsti

276 4301 382 4373 ‘paullo
401 4300 515 4357 rectius’
535 4301 564 4356 in
583 4300 707 4356 editione
726 4300 805 4356 dedit
822 4299 1013 4372 Ritschelius.]

345 4388 405 4459 m)
424 4391 494 4461 [Aut
510 4407 600 4446 omues
623 4389 724 4460 (forma
742 4392 836 4445 introd
854 4390 989 4460 reposita)
1008 4390 1057 4446 aut
1074 4390 1132 4444 tom
1150 4387 1230 4444 delet
1248 4388 1422 4445 Ritschelius

275 4479 345 4535 Nor.
364 4495 422 4534 erc.
443 4479 534 4533 Plaut.
554 4480 565 4532 1
584 4497 611 4549 p.
631 4477 685 4548 82]
