2992 5004
216 323 280 386 328
503 335 765 383 rmouaconnns
791 334 836 380 oa
861 330 1072 379 as'rionrsvs

216 486 283 546 tur:
311 480 468 565 reliquos,
496 480 552 564 qui
580 479 621 543 ad
649 499 800 542 versuum
823 476 1066 541 similitudinem
1090 478 1148 541 aut
1175 473 1285 557 aliquo
1309 477 1368 536 aut

217 587 377 673 probabili
407 585 458 672 (nt
484 585 564 673 312)
593 608 743 651 successu
766 585 888 649 redacti
912 590 1034 666 essent,
1061 582 1212 647 cancellis
1240 580 1368 646 inclusi.

217 695 367 761 Ceterum
395 716 460 759 non
489 694 722 780 glossematum
751 693 784 757 in
812 714 947 757 numero
971 690 1150 774 habendos,
1178 689 1235 754 sed
1257 709 1369 753 erroro

216 802 425 869 librariorum
449 800 583 867 iteratos
604 822 683 884 esse,
707 800 763 885 qui
782 800 815 864 in
834 800 928 864 libris
948 799 1100 865 omnibus
1118 799 1272 884 leguntur
1291 799 1370 880 post

217 935 244 976 v.
274 911 339 974 704
371 913 403 973 et
433 912 510 992 post
542 908 614 987 705,
647 908 866 994 unusquisque
898 907 1067 992 perspicit,
1099 930 1298 992 quamquam
1328 930 1369 971 ex

213 1023 310 1103 ‘parte
335 1021 463 1082 tanturn
487 1015 590 1107 Italus
614 1020 777 1080 corrector
800 1015 964 1099 perspexit
986 1037 1059 1080 cum
1082 1013 1216 1080 Merula

308 1124 401 1203 Quod
425 1128 534 1188 autem
558 1122 716 1208 singulari
736 1122 905 1207 diligentia
930 1144 1050 1206 eorum,
1074 1145 1156 1208 quae
1175 1124 1225 1187 vel
1244 1122 1369 1188 excide-

218 1234 285 1299 rint
312 1233 346 1297 in
374 1231 539 1296 codicibus
573 1229 623 1293 vel
655 1228 943 1312 transpositionem
976 1252 1073 1313 passa
1106 1230 1187 1312 sint,
1219 1231 1371 1314 exempla

219 1340 383 1424 superiore
406 1337 513 1422 capite
537 1337 719 1421 composui,
747 1341 779 1401 et
802 1337 952 1402 consulto
976 1337 1105 1421 quidem
1128 1339 1370 1422 praetermissis

219 1469 355 1533 quorum
385 1446 539 1511 iudicatio
564 1467 580 1509 e
605 1445 810 1510 subtiliorum
839 1445 949 1530 legum
973 1445 1176 1511 metricorum
1201 1448 1371 1530 prosodia-

218 1575 389 1638 carumque
418 1553 564 1618 doctrina
594 1551 760 1636 penderet,
788 1551 820 1615 id
848 1572 923 1616 vero
947 1552 995 1616 ita
1022 1553 1163 1636 institui,
1190 1558 1228 1618 ut
1249 1554 1292 1618 ab
1316 1576 1370 1620 ex·

219 1661 353 1745 ploratis
368 1659 623 1745 indubitatisque
642 1659 806 1742 profectus
825 1662 912 1724 certa
932 1660 1148 1724 ratiocinandi
1168 1659 1220 1725 ria
1237 1683 1370 1745 possem

219 1769 258 1833 ad
283 1791 320 1834 ea
343 1768 503 1854 progredi,
526 1789 608 1852 quae
631 1789 704 1831 cum
730 1769 906 1830 metrorum
929 1766 1101 1850 disciplina
1120 1767 1270 1832 universa
1293 1790 1370 1832 con-

219 1876 329 1942 iuncta
353 1877 496 1941 omnium
520 1875 659 1939 maxime
683 1894 753 1937 esse
773 1877 983 1938 controversa
1001 1873 1132 1938 scirem:
1156 1874 1284 1958 quando
1304 1875 1370 1939 illis

219 1984 299 2068 ipsis
323 1984 447 2049 duobus
471 1981 644 2069 generibus
664 1985 841 2053 metrorum
860 1984 898 2045 ut
915 1980 1102 2064 depravatio
1122 1981 1167 2045 ita
1186 1982 1371 2047 emendatio

221 2091 395 2156 maximam
420 2096 546 2174 partem
566 2089 758 2155 continetur.
795 2088 841 2152 Et
859 2088 1004 2154 omnium
1022 2087 1151 2173 quidem
1171 2088 1370 2154 uberrimum

127 2226 206 2265 nxxr
220 2199 255 2262 in
279 2196 437 2261 Plautinis
460 2197 579 2261 fabulis
604 2196 860 2281 corruptelarum
885 2195 1008 2260 fontem
1031 2196 1097 2259 iam
1121 2196 1199 2260 olim
1219 2195 1284 2260 dixi
1302 2217 1371 2261 non

220 2305 320 2368 fuisse
351 2304 451 2368 alium
479 2304 542 2367 nisi
571 2303 670 2387 quod,
698 2325 771 2368 cum
798 2303 833 2367 in
861 2302 1013 2366 familiari
1043 2324 1189 2367 sermone
1213 2304 1372 2388 plurimae

221 2433 315 2476 voees
338 2410 389 2475 vel
414 2410 526 2474 abesse
551 2408 601 2474 vel
629 2411 778 2475 accedere
802 2410 852 2475 vel
882 2409 971 2474 vario
996 2429 1066 2474 sese
1090 2410 1201 2475 ordine
1225 2412 1372 2495 excipere

222 2518 309 2583 nullo
343 2519 522 2583 sententiae
555 2521 651 2603 atque
680 2519 759 2583 adeo
793 2518 971 2603 elegantiae
1003 2518 1195 2583 detrimento
1227 2524 1375 2603 possent,

221 2625 338 2690 horum
370 2624 452 2689 nihil
487 2647 553 2690 non
586 2625 790 2690 librariorum
824 2647 951 2710 quoque
985 2626 1117 2690 levitate
1149 2626 1375 2710 imprudenter

152 2791 154 2795 ,
222 2732 445 2797 admitteretur
469 2732 666 2815 saepissime.
704 2729 796 2807 Quod
816 2732 844 2797 si
859 2732 911 2796 lta
929 2754 1000 2796 esse
1020 2733 1216 2817 conceditur,
1240 2737 1277 2797 ut
1295 2756 1372 2798 con·

222 2840 290 2904 cedi
319 2838 491 2904 multitudo
520 2839 741 2922 exemplorum
770 2839 875 2923 iubet,
907 2861 971 2924 qno
998 2843 1034 2903 tu
1065 2839 1151 2904 miro
1171 2845 1267 2925 atque
1292 2840 1373 2905 adeo

222 2945 409 3031 prodigioso
433 2968 510 3011 casu
534 2947 607 3011 illas
633 2947 830 3011 mutationes
854 2947 984 3030 putabis
1007 2950 1136 3011 tanturn
1156 2947 1196 3011 ad
1219 2970 1373 3013 numeros

223 3053 473 3136 corrumpendos
492 3076 669 3139 numquam
692 3054 854 3118 valuisse?
892 3053 936 3118 Et
958 3058 1068 3118 tamen
1092 3055 1157 3140 qui,
1179 3055 1234 3119 ubi
1258 3056 1307 3120 vel
1333 3057 1375 3120 ad

224 3161 402 3225 sententiae
426 3161 647 3247 integritatem
671 3162 721 3225 vel
744 3161 784 3225 ad
804 3162 1052 3246 grammaticam
1072 3162 1231 3227 rationem
1250 3162 1373 3248 aliquid

224 3266 435 3351 desideratur,
464 3290 531 3333 non
559 3269 710 3354 defugere
739 3269 789 3332 vel
815 3268 1103 3352 transpositionem
1128 3268 1298 3334 verborum
1323 3272 1374 3336 vel

226 3373 439 3439 adiectionem
472 3376 592 3453 solent,
625 3375 720 3439 simul
751 3379 848 3458 atque
880 3381 1010 3440 ventum
1044 3379 1094 3440 est
1125 3376 1165 3441 ad
1196 3381 1375 3443 metrorum

225 3482 486 3565 concinnitatem,
510 3482 639 3547 easdem
662 3481 853 3546 emendandi
877 3486 963 3546 artes
987 3483 1096 3547 nescio
1115 3505 1179 3568 quo
1198 3484 1283 3548 fastu
1303 3507 1376 3568 per-

225 3589 416 3655 horrescunt
448 3611 550 3674 quave
583 3588 812 3673 superstitione
846 3589 891 3654 eis
925 3589 1079 3654 adhibitis
1109 3590 1271 3674 piaculum
1305 3593 1376 3657 fieri

226 3698 403 3762 clamitant
435 3695 557 3761 Verum
575 3697 635 3763 hoe
654 3697 782 3780 quidem
803 3696 897 3760 mitto
921 3697 956 3760 in
979 3719 1142 3780 praesens,
1165 3698 1206 3762 ad
1224 3699 1377 3765 metricas

226 3804 463 3889 disputationes
487 3805 573 3869 infra
596 3826 796 3869 reversurus:
820 3804 936 3889 quibus
955 3808 1065 3868 tamen
1083 3828 1142 3889 pro
1162 3805 1376 3873 fundamento

227 3933 297 3976 esse
324 3912 409 3976 hanc
437 3912 541 3996 ipsam
570 3912 850 3977 ratiocinationem
873 3911 962 3990 volo,
985 3935 1049 3997 qua
1072 3933 1122 3976 me
1146 3912 1243 3976 etiam
1267 3916 1377 3978 tacen-

227 4024 293 4084 tem
317 4020 364 4084 uti
388 4019 620 4084 recordandum
644 4020 715 4084 erit.
739 4057 782 4066 -
806 4017 852 4083 Vt
875 4023 982 4083 autem
1007 4020 1305 4104 interpolationem,
1329 4022 1377 4086 ita

227 4129 361 4192 lacunas
388 4147 515 4211 quoque
545 4129 642 4210 atque
670 4126 942 4211 transpositiones
965 4148 1032 4191 non
1056 4130 1107 4191 est
1129 4127 1245 4191 mirum
1269 4150 1289 4191 a
1312 4127 1377 4193 sin·

229 4235 315 4319 gulis
339 4233 473 4298 vocibus
497 4233 537 4297 ad
561 4234 706 4319 integros
730 4255 841 4298 versus
864 4234 1068 4317 pertinuisse.
1115 4234 1224 4299 Aede
1248 4234 1377 4300 lacunis

229 4342 359 4428 quidem
382 4340 585 4426 gravioribus
608 4341 742 4425 exposui
766 4341 870 4424 capite
893 4340 940 4406 Il:
970 4341 1244 4426 transpositorum
1268 4344 1378 4406 autem

229 4454 359 4534 praeter
386 4447 532 4513 codicum
559 4447 655 4511 fidem
683 4470 834 4512 versuum
858 4448 1006 4531 exempla
1028 4447 1129 4513 habes
1151 4470 1180 4512 v.
1204 4447 1277 4512 320
1301 4448 1378 4514 369.
