2918 5004
259 334 323 400 628
636 351 869 399 nannrmscna
892 350 1020 398 annau.

260 494 332 578 ipsa
363 493 551 559 testificatio
584 494 708 559 duabus
741 496 837 559 rebus
868 493 1026 559 contineri
1053 492 1163 557 debet:
1200 493 1352 577 primum
1382 499 1416 557 nt

257 600 372 665 idonea
396 600 533 665 facultas
557 602 783 684 comprobetur
807 600 881 666 viva
906 622 982 665 voce
1005 601 1269 667 adulescentium
1291 604 1415 664 mentes

256 708 381 771 utiliter
404 707 570 772 erudiendi
594 714 627 771 et
649 707 855 773 instituendi:
878 707 992 772 deinde
1015 711 1052 771 ut
1075 709 1145 771 eius
1172 707 1296 791 ipsius,
1320 729 1414 790 quam

256 815 328 898 quis
353 814 553 897 profiteatur,
577 812 767 897 disciplinae
786 837 850 879 non
870 817 996 878 tantum
1016 836 1110 878 usum
1131 836 1166 878 se
1187 813 1318 878 habere
1338 814 1415 876 satis

255 920 440 1004 expeditum
460 920 620 1003 ostendat,
644 921 700 984 sed
719 920 861 986 eiusdem
886 921 985 985 etiam
1008 921 1142 1006 longius
1168 922 1416 1005 promovendae

255 1032 288 1091 et
319 1032 433 1113 suopte
466 1028 597 1113 ingenio
631 1027 849 1109 emendandae
882 1026 1196 1112 amplificandaeque
1230 1029 1414 1114 ingenitam

255 1135 415 1219 quandam
443 1135 622 1199 sollertiam
651 1134 776 1217 prodat.
824 1136 931 1219 Atque
958 1135 1034 1217 hoo,
1064 1134 1150 1220 quod
1184 1135 1312 1200 ultimo
1348 1137 1414 1199 loco

254 1243 362 1324 posui,
389 1264 516 1306 rursum
545 1240 616 1305 fieri
644 1240 816 1325 dupliciter
844 1245 961 1326 potest.
1007 1242 1073 1306 Aut
1096 1241 1187 1305 enim
1212 1264 1327 1306 novas
1351 1243 1414 1307 vias

254 1349 330 1412 licet
360 1353 628 1435 commonstrare,
657 1349 773 1433 quibus
802 1348 992 1432 disciplinae
1020 1348 1179 1433 cuiusque
1210 1351 1330 1432 spatia
1351 1371 1414 1433 per·

255 1455 404 1539 metiore,
432 1455 510 1520 licet
536 1457 696 1540 principia
721 1455 878 1541 quaedam
902 1457 1099 1520 constituere
1121 1454 1229 1519 latius
1257 1457 1413 1539 patentia,

254 1561 370 1646 quibus
394 1563 523 1647 singula
547 1585 692 1648 quaeque
715 1568 870 1648 regantur
897 1565 931 1626 et
953 1561 1185 1625 terminentur:
1214 1566 1280 1626 aut
1309 1563 1342 1626 in
1365 1562 1412 1627 hia

254 1668 335 1751 ipsis
368 1668 507 1754 singulis
540 1672 663 1735 versari
696 1670 818 1754 potaris
852 1668 1007 1733 acerrimo
1041 1667 1150 1731 studio
1190 1668 1412 1752 explorandis

254 1773 434 1859 Vtrumque
459 1795 560 1860 genus
589 1796 661 1841 cum
692 1777 856 1860 propriam
887 1775 1007 1840 habeat
1034 1773 1236 1858 utilitatem,
1267 1778 1340 1840 tum
1363 1797 1412 1839 vo

253 1880 388 1964 luptatis
412 1882 580 1966 aliquanto
609 1884 681 1967 plus
714 1882 834 1948 habere
867 1886 959 1967 patet
990 1882 1089 1966 prius.
1136 1881 1177 1946 In
1210 1883 1283 1947 illis
1316 1883 1412 1967 igitur

253 1986 472 2053 floridioribus
504 1990 740 2054 commentandi
772 1990 851 2054 locis
885 1992 1019 2074 quaerat
1051 1987 1222 2072 quispiam
1260 2012 1320 2055 cur
1351 2011 1410 2054 non

254 2096 462 2161 maluerimus
483 2097 626 2163 versari?
658 2095 780 2161 Verum
800 2097 886 2161 enim
909 2119 985 2160 vero
1009 2096 1048 2160 de
1071 2117 1136 2180 quo
1162 2117 1291 2180 genere
1316 2096 1409 2161 scribi

252 2205 361 2284 potest
397 2203 638 2287 percommode,
675 2203 707 2266 id
744 2225 808 2267 non
843 2203 995 2268 continuo
1028 2205 1142 2286 aptum
1180 2206 1238 2267 est
1277 2204 1320 2268 ad
1344 2205 1410 2269 dis-

252 2308 447 2391 putandum,
478 2331 545 2373 non
577 2309 661 2393 qnod
696 2332 809 2393 parum
844 2311 959 2375 afferat
988 2309 1027 2372 ad
1056 2308 1318 2391 disceptandum
1349 2333 1409 2374 ma·

252 2414 370 2497 toriae,
403 2416 457 2479 sed
487 2415 572 2499 quod
596 2416 740 2480 nimium.
786 2414 870 2480 Nam
899 2416 952 2500 qui
978 2415 1057 2480 satis
1081 2414 1174 2499 illud¹
1199 2417 1409 2500 reputaverit,

250 2541 315 2584 non
353 2543 449 2605 possa
484 2523 522 2586 de
553 2522 599 2585 rei
633 2522 785 2606 cuiusque
820 2545 946 2587 summa
977 2522 1158 2606 generatim
1199 2528 1305 2607 atque
1344 2523 1407 2588 uni·

252 2648 341 2690 verse
369 2627 512 2710 iudicari,
544 2629 607 2692 nisi
637 2629 710 2712 ipsa
742 2629 870 2714 singula
898 2650 1043 2714 quaeque
1071 2629 1207 2712 penitus
1238 2635 1406 2714 perspectu

251 2733 282 2796 in
308 2739 461 2818 promptu
492 2734 612 2799 habeas
643 2740 675 2799 et
698 2739 789 2800 extra
813 2736 1048 2801 dubitationem
1076 2736 1207 2819 posita:
1231 2737 1335 2802 facile
1357 2736 1405 2800 dn·

251 2841 304 2923 plo
336 2841 490 2904 maiorem
520 2864 590 2905 esse
614 2842 709 2906 buius
734 2843 861 2926 generis
890 2842 1115 2906 difficultatem
1139 2844 1319 2929 concedet,
1347 2865 1403 2908 anr-

250 2946 441 3027 plitudinem
466 2954 574 3012 autem
603 2951 746 3030 tantam,
779 2952 814 3012 ut
843 2952 898 3013 aut
926 2948 994 3012 dies
1022 2948 1151 3013 deficiat
1182 2949 1403 3034 disputantem

250 3057 307 3116 aut
343 3053 466 3118 incerta
503 3056 633 3120 vacillet
671 3056 775 3120 omnis
805 3055 982 3138 disputatio
1016 3057 1048 3117 ct
1087 3061 1230 3138 vagetur
1266 3080 1404 3122 necessa·

250 3160 307 3223 rio.
354 3159 559 3245 Quapropter
591 3161 727 3226 alterum
762 3166 889 3225 tantum
925 3181 1027 3243 genus
1054 3163 1160 3224 restat
1190 3169 1275 3229 anto
1305 3164 1403 3230 defini·

248 3269 332 3330 tum:
361 3268 446 3351 quod
474 3268 603 3351 quidem
631 3273 719 3333 recte
753 3266 892 3351 amplexi
920 3289 990 3332 esse
1018 3266 1113 3331 nobis
1142 3268 1348 3353 videbimur,
1376 3271 1399 3333 si

250 3372 345 3437 modo
374 3394 487 3457 reapse
517 3375 700 3458 promoveri
729 3373 943 3459 philologiam
972 3395 1021 3455 ea,
1054 3394 1152 3456 quam
1188 3375 1400 3456 exhibuimus,

249 3480 521 3545 commentatione
545 3481 654 3546 doceri
677 3481 791 3564 possit.
833 3478 940 3564 Atque
964 3480 1025 3544 boc
1048 3479 1157 3562 ipsum
1182 3484 1303 3563 paucis
1325 3503 1399 3547 nunc

248 3608 432 3670 persequar.
476 3587 607 3651 Etenim
639 3587 679 3650 ab
704 3585 853 3650 omnibus
877 3584 988 3668 hodie,
1012 3589 1099 3669 puto,
1122 3585 1334 3655 intellectum
1356 3592 1397 3653 est

248 3696 280 3754 et
303 3693 537 3756 luculentarum
563 3692 656 3775 copia
677 3692 895 3774 exemplorum
916 3691 998 3755 satis
1017 3692 1285 3778 comprobatum,
1308 3696 1395 3759 etiam

247 3817 285 3860 ex
319 3799 546 3883 ambiguorum
583 3820 680 3882 saepe
712 3797 968 3883 fragmentorum
1003 3797 1185 3862 indicumve
1222 3802 1394 3888 exiguitate

194 3898 199 3905 ’
248 3903 407 3989 dubiaque
432 3907 656 3971 narrationum
680 3905 839 3970 memoria
857 3904 912 3969 hic
930 3904 997 3969 illic
1015 3903 1241 3988 dispersarum
1263 3909 1315 3973 vel
1334 3909 1394 3974 um'·

247 4012 331 4075 versi
355 4034 451 4096 posse
474 4013 657 4078 litterarum
685 4014 813 4096 generis
837 4012 888 4076 vel
919 4011 1013 4075 unius
1037 4011 1208 4076 cuiusdam
1234 4014 1393 4100 scriptoris

96 4132 117 4146 “
247 4117 297 4181 vel
321 4118 458 4202 denique
482 4119 683 4204 singulorum
708 4121 992 4182 monumentorum
1016 4117 1136 4182 litteris
1162 4118 1246 4185 olim
1276 4121 1392 4204 consig-

245 4229 396 4289 natorum
422 4226 515 4310 quasi
538 4227 713 4311 imaginem
737 4225 973 4309 repraesentari
1002 4247 1039 4289 ac
1067 4226 1212 4309 speciem
1239 4233 1347 4294 mente
1367 4233 1393 4290 et
1457 4212 1459 4299 ]

246 4331 443 4413 cogitatione
467 4333 744 4416 comprehensam.
789 4332 858 4397 Nec
880 4336 1009 4397 tantum
1035 4353 1130 4415 posse
1159 4333 1227 4400 hoc
1252 4338 1324 4401 fieri
1345 4333 1391 4400 aed
1457 4314 1459 4382 l

247 4436 344 4501 ctiam
363 4437 481 4502 debere
502 4440 705 4504 intellectum
725 4444 784 4523 est,
807 4440 962 4524 quoniam
982 4440 1049 4503 fieri
1069 4439 1139 4502 ullo
1159 4445 1262 4523 pacto
1281 4443 1392 4528 nequit
1457 4492 1459 4505 ,
