2992 5004
259 349 325 414 370
545 366 805 415 Paousooueua
829 367 877 413 nn
901 365 1114 414 aauiouravs

181 534 259 575 cxxr
349 508 509 594 Videtque
532 507 601 595 ipse
625 510 666 575 ad
689 510 914 595 paupertetem
936 512 1137 594 protractum
1160 508 1231 572 esse
1255 529 1300 591 se,

258 652 367 736 eequis
390 653 553 718 tutabitur
575 654 610 718 in
632 658 727 719 tanta
750 653 933 739 corrigendi
956 652 1128 736 evidentia,
1151 653 1308 735 quantam
1327 648 1406 713 Am-

256 826 341 880 Alind
360 828 520 898 exemplum
543 829 628 899 idque
651 847 708 885 non
733 829 887 900 patientius
904 829 1021 884 relictae
1038 827 1133 898 potius
1151 842 1237 896 quarn
1257 842 1408 897 perperam

257 914 354 971 illatae
373 918 558 987 correptionis
576 919 606 973 in
624 921 750 975 extrema
768 936 870 975 scaena
887 918 922 986 ΙΙ,
942 925 956 972 1
977 919 1081 974 exstat:

364 1024 420 1079 sed
437 1041 520 1080 nemo
538 1026 632 1081 dubit:
649 1027 758 1094 frustra
776 1026 827 1082 has
846 1028 959 1097 egomet
976 1028 1085 1081 mecum
1103 1024 1227 1080 rationes
1244 1025 1329 1094 puto:

256 1131 305 1186 ubi
330 1149 387 1188 non
409 1132 494 1188 modo
518 1132 623 1202 optime
641 1132 792 1189 Bembinus
819 1133 906 1189 codex
923 1134 1032 1201 fnestra
1049 1135 1149 1203 e'qomet
1167 1133 1272 1187 mecum
1290 1131 1342 1185 tas
1360 1149 1406 1186 ru-

256 1222 343 1275 ts'onee
357 1225 440 1290 pato,
468 1220 518 1274 sed
535 1221 711 1278 Basilicanus
734 1238 845 1292 quoque
864 1222 909 1291 (de
933 1239 988 1292 quo
1006 1224 1083 1277 tacet
1100 1222 1236 1288 Faernus)
1265 1219 1326 1275 sine
1355 1236 1405 1274 ne·

255 1309 367 1378 glectae
385 1308 534 1379 positionis
552 1309 622 1366 vitio
641 1313 688 1381 ὁμο
706 1329 808 1367 messem
825 1312 1014 1366 terrationes
1031 1312 1140 1380 deputo.
1167 1308 1288 1365 Omnino
1307 1311 1405 1363 autem

256 1397 303 1452 vix
326 1397 415 1452 ullam
437 1415 567 1454 scaenam
591 1416 652 1456 esse
674 1401 834 1456 fabularum
853 1401 1085 1456 Terentianarnm
1108 1402 1191 1469 puto,
1218 1398 1327 1468 inqua
1349 1416 1406 1453 non

256 1484 364 1554 aliquid
383 1487 526 1543 turbatum
544 1489 582 1544 ait
599 1491 720 1561 gravius,
739 1490 853 1546 criticae
873 1490 941 1545 artis
955 1488 1125 1544 medicinam
1139 1489 1225 1543 etiam
1239 1490 1307 1558 post
1320 1489 1407 1543 Bent-

256 1575 294 1629 lei
318 1592 397 1631 curas
420 1579 594 1648 exspectans.
631 1580 717 1635 Velut
738 1580 768 1634 in
791 1580 890 1634 eodem
913 1578 1051 1649 principio
1075 1578 1224 1648 adelphon
1247 1578 1291 1647 (ut
1315 1578 1346 1632 in
1372 1595 1405 1633 eo

255 1681 329 1719 nnnc
348 1664 508 1739 subsistam)
527 1668 762 1737 quemadmodum
781 1669 802 1736 Ι,
822 1677 836 1723 1
857 1688 882 1724 v.
902 1675 945 1724 30.
964 1675 997 1722 31
1018 1667 1075 1722 iam
1094 1666 1162 1723 olim
1181 1667 1222 1722 sie
1241 1666 1370 1722 restitui:

416 1774 490 1829 Nam
509 1778 557 1845 qut
576 1775 689 1831 mentiri
707 1778 757 1830 aut
774 1775 874 1830 fellere
893 1775 1011 1830 insuerit
1028 1776 1149 1845 patrem,

415 1863 566 1920 Fraudere
583 1866 663 1919 tanto
682 1863 774 1935 magis
792 1863 909 1919 audebit
926 1866 1036 1919 ceteros

255 1970 313 2037 (vel
340 1970 473 2040 Decipere
500 1973 602 2026 tanto.
623 2015 629 2027 .
650 2015 656 2027 .
676 1972 712 2040 .):
740 1970 783 2026 ita
808 1987 845 2026 ne
872 1970 924 2026 illa
950 1970 1063 2040 quidem
1091 1986 1153 2025 esse
1179 1987 1250 2026 sana
1277 1972 1404 2028 concedo

255 2077 281 2114 v.
303 2066 423 2130 11899·ξ
894 2134 930 2187 'ne
948 2135 998 2187 aut
1014 2131 1064 2187 ille
1083 2131 1181 2187 eluerit

415 2223 473 2278 Aut
490 2223 600 2293 dapium
619 2224 761 2292 ceciderit,
781 2225 831 2278 snt
848 2222 1034 2293 praefregerit

416 2311 539 2382 Aliquid.
558 2314 623 2381 nah,
641 2330 846 2383 quemquamne
864 2312 1008 2367 heminem
1026 2311 1056 2366 in
1070 2313 1163 2367 animo
1177 2310 1335 2381 instituere,
1354 2313 1406 2367 ant

414 2400 531 2469 Parere,
551 2402 626 2471 quod
645 2403 682 2456 sit
700 2402 791 2457 cerins
809 2417 895 2471 quam
913 2400 973 2470 ipss
993 2402 1037 2456 est
1054 2401 1115 2456 sibi.

256 2506 310 2574 Qui
327 2522 423 2562 versus
441 2509 511 2576 quot
528 2509 695 2578 quantisque
713 2508 897 2564 incommodis
911 2508 1049 2577 laborent,
1067 2507 1184 2578 longum
1197 2509 1242 2563 est
1255 2511 1405 2576 tamqnam

254 2597 285 2651 in
302 2600 464 2652 transcmu
482 2599 536 2653 hac
555 2599 737 2654 annotatione
755 2599 897 2669 persequi:
916 2597 1064 2670 intelleges
1079 2601 1182 2666 eutem,
1196 2597 1246 2652 nbi
1260 2598 1313 2654 hos
1329 2615 1406 2654 com·

255 2686 399 2757 paraveris
416 2689 514 2743 nostra
530 2689 725 2745 emendatione
744 2693 776 2745 ut
793 2689 936 2761 potuimus
954 2688 984 2743 in
1002 2688 1144 2759 integrum
1161 2687 1324 2744 restitutosr

414 2797 473 2850 Aut
491 2796 625 2851 ceciderit
641 2796 739 2866 aliqua
757 2797 842 2864 etque
861 2795 970 2865 aliquid
988 2795 1183 2867 praefregerit

414 2885 486 2952 Vah,
505 2888 711 2955 quemquamne
729 2885 871 2941 hominem
889 2885 919 2940 in
936 2885 1059 2940 tnimum
1078 2885 1226 2941 instituere
1245 2886 1297 2939 adt
1315 2883 1371 2940 sibi

414 2975 517 3031 Parere
536 2993 556 3030 e.
576 2994 599 3045 q.
618 2993 640 3031 r.

254 3081 372 3137 Nullum
395 3082 470 3137 enim
494 3083 668 3153 frequentius
692 3082 721 3137 in
740 3083 872 3139 'l'erentio
896 3084 1081 3155 corruptelae
1095 3100 1196 3154 genus,
1221 3098 1309 3152 quam
1326 3081 1405 3151 qnod

255 3188 290 3224 ex
307 3171 563 3242 interpretamentis
585 3172 721 3228 nascitur:
749 3172 902 3242 asumptum
921 3174 965 3227 eet
982 3176 1077 3229 autem
1094 3174 1204 3243 aspinae
1222 3172 1259 3227 ab
1278 3188 1325 3240 eo,
1355 3170 1404 3240 qui

254 3261 351 3330 paullo
373 3262 439 3316 ante
462 3265 500 3329 (v.
520 3266 546 3331 3)
572 3265 698 3333 aposta
719 3263 843 3333 positum
866 3264 977 3332 uspiam
998 3263 1178 3319 meminisset
1216 3262 1288 3316 Eum
1307 3264 1404 3316 autem

254 3350 347 3419 ipsum
372 3350 466 3406 locum
491 3352 578 3407 simili
602 3352 820 3422 interpolatione
845 3351 990 3409 foedatum
1014 3369 1089 3423 esse,
1117 3368 1173 3421 qua
1200 3350 1272 3406 alibi
1296 3350 1404 3421 integri

254 3457 350 3495 versus
372 3458 429 3496 non
450 3441 534 3513 pauci
557 3441 670 3498 conficti
692 3445 770 3513 snut,
792 3442 876 3499 facile
895 3443 988 3513 specie
1006 3441 1150 3509 fallentes,
1175 3439 1225 3496 red
1242 3442 1340 3495 tamen
1358 3440 1401 3495 in·

254 3529 333 3600 digni
352 3530 497 3602 Terentio,
520 3549 609 3603 nuper
628 3532 741 3587 demum
760 3533 856 3588 monui
874 3532 964 3587 Musei
982 3532 1081 3603 philol
1099 3530 1188 3587 nostri
1205 3531 1225 3584 t
1241 3529 1281 3585 VI
1300 3549 1326 3601 p.
1348 3537 1402 3584 ele

255 3620 299 3688 [ιι
315 3620 415 3690 Opuso.
434 3621 503 3691 phil.
524 3622 562 3675 ΠΙ
580 3641 607 3693 p.
624 3623 697 3693 79η,
716 3621 765 3677 nbi
783 3621 921 3676 eiusmodi
940 3622 1068 3691 exempla
1086 3620 1224 3689 quaedam
1244 3620 1404 3692 composita

254 3709 348 3764 hebes.
386 3707 446 3765 Nec
464 3710 534 3765 illud
553 3711 769 3781 concedendurn,
788 3713 863 3767 recte
882 3728 912 3766 se
931 3711 1035 3767 habere
1053 3709 1105 3764 Ad.
1124 3710 1146 3777 1,
1165 3715 1191 3778 2,
1209 3714 1226 3762 2
1242 3726 1297 3779 sq:

413 3816 465 3874 Ml.
485 3818 558 3883 Quid
576 3818 665 3873 tristis
684 3826 732 3874 es?
768 3818 826 3873 DE.
845 3821 929 3889 roges
947 3835 1001 3887 me,
1021 3817 1070 3874 ubi
1088 3816 1169 3872 nobis
1188 3817 1348 3872 aeschinus

415 3907 483 3975 Siet,
503 3907 571 3977 quid
589 3908 679 3963 tristia
697 3909 751 3979 eqo
770 3908 842 3963 aim?
877 3907 929 3964 ass.
948 3908 1033 3963 dixin'
1052 3907 1203 3963 hectore?

253 4013 302 4068 nbi
320 4013 350 4068 in
368 4014 541 4085 expedienda
557 4017 607 4070 eti
624 4015 764 4085 particula
781 4016 949 4086 interpretes
966 4015 1071 4070 frustm
1089 4031 1119 4069 se
1136 4016 1288 4070 torserunt
1322 4016 1401 4082 Quae

254 4102 279 4158 si
297 4107 404 4173 posset,
424 4104 499 4174 quod
516 4106 676 4172 voluerunt,
695 4104 864 4176 dgmficare:
888 4123 950 4160 eam
967 4106 1047 4160 notra
1064 4106 1102 4159 sit
1119 4106 1287 4172 Διεεὶιίηαε,
1305 4107 1403 4161 tamen

254 4194 309 4248 hoc
326 4192 419 4262 ipsum
436 4194 498 4248 tam
515 4192 680 4264 languidum
698 4195 772 4250 foret
789 4197 822 4250 ut
838 4195 909 4250 nihil
927 4212 1019 4266 supra
1055 4194 1184 4266 Repone:

679 4305 762 4373 roges
781 4310 844 4358 me?
862 4303 912 4357 nbi
929 4304 1010 4358 nobis
1030 4302 1213 4357 Aeschinen?

415 4392 482 4446 Seia
500 4393 570 4458 iem,
588 4392 656 4461 qnid
674 4392 763 4446 tristia
782 4394 835 4462 ego
854 4393 925 4446 sim?

255 4498 329 4555 Nem
342 4498 371 4553 in
382 4499 513 4554 Terentio
528 4499 640 4569 quidem
658 4501 717 4554 tam
735 4501 834 4569 aperta
851 4498 980 4568 plurimis
998 4499 1068 4555 locis
1082 4501 1135 4569 eat,
1153 4515 1238 4567 quam
1252 4498 1283 4554 in
1297 4499 1402 4557 Plauto
