2986 5010
203 356 204 359 ¹
262 337 328 401 460
557 350 816 399 rnouacouaun
839 350 886 396 na
910 347 1120 397 nurroumvs

351 496 442 561 Mdus
466 496 523 560 ille'
542 493 717 579 quidemst:
741 490 804 558 t1'bi
827 515 913 557 nunc
936 514 1068 575 operam
1091 537 1375 555 ......

352 603 435 670 Sunt
458 607 606 687 uterque:
629 601 686 666 illc'
704 598 911 684 reprehendit
929 646 1373 662 .........

310 790 312 795 .
351 711 538 794 Le'sbonice,
560 710 626 774 essc'
645 708 793 774 uideatur
823 754 1314 770 ..........
1366 756 1373 769 .

353 815 436 895 Quid
462 818 494 882 id
518 816 650 881 esttibi
673 811 830 907 nonam),
854 811 1041 878 adulescens
1087 863 1310 880 .....
1365 863 1373 877 .

261 961 330 1027 Nec
362 961 463 1025 levior
493 964 635 1044 tantum,
664 962 701 1023 ut
732 959 848 1024 horum
872 957 1093 1042 exemplorum
1128 955 1248 1039 primo,
1282 955 1341 1020 sed
1376 977 1417 1019 ne

263 1067 441 1133 fortissima
473 1066 602 1153 quidem
640 1066 856 1149 interpunctio
890 1064 948 1129 tali
982 1063 1237 1148 pronuntiationi
1281 1063 1416 1128 obstitit

263 1199 291 1239 v.
315 1175 392 1240 605:

351 1315 1369 1383 QQOmffiffl.mffm

263 1460 328 1525 nisi
351 1483 422 1525 eam
454 1462 559 1545 ipsam
590 1461 632 1524 ob
665 1482 813 1526 caussam
846 1459 892 1524 ibi
923 1458 992 1523 bem
1024 1457 1295 1544 inserendum.**)
1351 1458 1414 1525 Sed

265 1567 381 1632 similis
404 1570 626 1652 pronuntiatio
650 1591 678 1632 v.
702 1568 781 1632 329:

131 1726 249 1767 ccxxvl
352 1711 401 1775 De‘
424 1714 511 1776 med:
539 1734 616 1776 nam
639 1711 724 1796 quod
747 1714 886 1794 turimst,
908 1713 1056 1788 meumst,
1079 1710 1171 1774 omne‘
1188 1731 1291 1774 meum
1310 1711 1416 1773 mrtem

1062 1821 1196 1898 tuomst,

262 1984 335 2026 cum
359 1964 448 2027 etin
472 1967 598 2027 sextum
622 1962 735 2046 pedem
759 1960 881 2026 incidat
908 1985 967 2027 nec
990 1984 1010 2025 a
1033 1960 1157 2026 duabus
1181 1960 1338 2025 brevibus
1362 1985 1415 2026 ex·

263 2069 410 2153 cipiatur,
432 2069 541 2134 nescio
566 2092 608 2133 an
631 2054 801 2134 nonsatis
825 2072 917 2134 caute
941 2067 979 2133 de
999 2091 1036 2132 eo
1056 2088 1151 2131 versu
1171 2090 1271 2152 supra
1289 2068 1414 2134 iudica-

263 2178 364 2241 verim
389 2200 418 2261 p.
439 2195 497 2242 cnr
523 2178 626 2261 [3611.
664 2175 763 2241 Cuius
782 2176 942 2260 inpriore
961 2179 1054 2260 parte
1073 2197 1145 2240 cnm
1165 2175 1261 2241 valde
1279 2175 1416 2261 ingrata

262 2283 372 2348 futura
396 2285 439 2348 sit
461 2291 590 2350 menum
613 2286 811 2368 syllabarum
836 2287 911 2348 aute
932 2305 1100 2347 caesuram
1120 2282 1285 2367 synizesis,
1310 2284 1358 2347 sie
1378 2289 1415 2347 nt

263 2413 391 2455 versum
417 2391 622 2456 dimetiamur
646 2391 742 2456 simul
765 2413 837 2456 cum
861 2390 1033 2455 durissimo
1057 2389 1091 2453 in
1114 2389 1228 2474 quinto
1253 2393 1415 2475 sextoque

263 2497 343 2582 pede
368 2498 523 2582 spondeo:

352 2641 401 2705 De'
425 2643 509 2706 med:
533 2665 609 2706 nam
633 2642 719 2725 qudd
739 2647 873 2726 tndmst,
895 2647 1033 2724 mwmst,
1057 2644 1152 2706 omne
1172 2643 1281 2705 autem
1303 2649 1414 2708 meum

1036 2789 1038 2791 >
1060 2750 1197 2811 tudmst:

263 2892 421 2976 reliquum
451 2897 501 2956 est
524 2896 560 2956 ut
583 2892 687 2959 multo
716 2892 823 2956 minus
852 2890 1038 2955 offensionis
1067 2889 1206 2954 similem
1235 2890 1415 2974 syniaesim

262 3000 295 3062 in
320 3021 431 3063 versus
458 2999 546 3063 exitu
574 2999 694 3063 habere
723 2998 928 3063 recordemur
951 2998 1002 3081 (ut
1025 2996 1235 3082 Captivorum
1260 3000 1414 3084 exemplo

262 3130 292 3189 p.
316 3123 410 3170 cuvn
435 3105 528 3189 [402]
553 3105 669 3191 allato)
693 3110 726 3170 et
748 3106 832 3170 hauc
855 3105 964 3191 potius
987 3106 1146 3170 rationem
1170 3105 1362 3188 probemus:

352 3282 377 3349 *)
397 3282 441 3352 [In
460 3282 502 3337 ed.
517 3282 585 3350 alt,
603 3281 651 3336 nbi
670 3282 738 3352 quid
756 3283 826 3336 istuc
844 3286 882 3336 a:
900 3298 997 3337 manen
1020 3281 1099 3336 dedit
1123 3281 1166 3351 (ef.
1190 3298 1275 3351 supra
1289 3301 1318 3353 p.
1338 3289 1414 3353 330),

263 3369 371 3425 addidit
398 3371 568 3426 Bitschelius
599 3372 739 3426 ‘ceterum
764 3388 820 3426 non
848 3369 1000 3441 impedium
1026 3372 1050 3425 si
1078 3371 1127 3440 qui
1154 3372 1224 3426 utun
1248 3388 1348 3427 menen
1375 3381 1416 3429 ert

263 3459 456 3531 praeierant’]

334 3549 375 3617 **)
395 3549 479 3619 [‘quo
498 3567 554 3605 nou
573 3567 644 3620 opus
663 3567 722 3605 esee
743 3549 811 3604 satie
828 3549 913 3605 hodie
931 3550 1106 3605 intellectum
1121 3551 1183 3606 est?
1199 3550 1312 3622 Trin.¹].
1337 3553 1414 3608 Nam

262 3654 297 3692 ne
321 3639 383 3707 quis
406 3641 468 3695 aare
489 3640 518 3694 in
542 3657 630 3709 pansa
653 3640 788 3695 orationis
811 3656 862 3710 pro
886 3641 1010 3709 spondeo
1029 3657 1090 3695 esee
1109 3640 1239 3709 opinetur
1257 3641 1294 3696 ad
1314 3659 1414 3698 eorum

263 3726 475 3782 similitudinem
494 3745 566 3797 quae
586 3747 612 3798 p.
625 3742 760 3782 ccxxxvi
777 3729 855 3800 [426]
874 3728 1067 3797 tractavimus,
1087 3729 1271 3799 reputandum
1292 3733 1337 3786 est
1356 3733 1414 3801 syl-

263 3817 343 3871 labae
362 3817 479 3887 ancipiti
498 3818 526 3871 in
545 3818 585 3871 eis
604 3821 714 3873 tentum
733 3819 877 3874 vocabulis
896 3820 990 3874 locum
1004 3836 1063 3874 esse
1078 3836 1150 3888 quae
1164 3818 1278 3873 brevem
1294 3820 1415 3889 paenul-

263 3905 360 3960 timam
379 3906 515 3974 habeant,
539 3907 685 3974 dactylicis
705 3907 879 3977 potissimum
899 3926 914 3962 e
932 3907 1100 3977 trisyllabis,
1119 3908 1186 3964 solis
1204 3909 1415 3978 pyrrhichiacis

263 4012 278 4049 e
298 3996 451 4064 bieyllabis.
488 3995 528 4051 Vt
545 3996 604 4051 Mil.
623 3997 675 4064 Ill,
694 4005 720 4066 2,
738 4004 773 4052 34
792 3997 838 4068 [cl.
859 4000 958 4068 Opusc.
978 3998 1047 4067 phil.
1067 3999 1091 4052 11
1110 4017 1137 4068 p.
1158 3998 1230 4066 447}
1259 3998 1338 4053 Trin.
1360 4005 1415 4057 584

263 4082 312 4153 [ci.
332 4101 415 4154 supra
433 4103 459 4156 p.
480 4088 558 4158 426]:

404 4193 565 4264 Numquam
585 4196 685 4266 edepol
702 4196 761 4251 uidi
778 4198 907 4266 pro'mere'.
927 4214 1024 4252 uemm
1042 4198 1097 4251 hoc
1115 4198 1184 4252 erat.

406 4282 479 4338 Nam
499 4286 633 4340 cdttumst
651 4285 710 4340 sine
729 4286 795 4341 dote
813 4287 890 4341 haud
909 4287 983 4342 dare.
1014 4286 1088 4352 Quin
1105 4288 1137 4340 tu
1155 4287 1165 4338 Ι
1183 4284 1275 4339 modo.

264 4387 342 4442 Adde
366 4390 408 4443 ait
429 4393 459 4443 et
482 4391 564 4446 Ionis
586 4409 602 4446 e
626 4410 710 4463 supra
733 4393 891 4463 disputatis.
930 4393 984 4449 Sed
1003 4392 1102 4448 Militis
1120 4393 1154 4460 V,
1173 4398 1207 4446 24
1226 4394 1306 4459 suxis
1325 4397 1417 4468 (Quid

263 4485 288 4538 si
306 4486 337 4539 id
354 4502 411 4540 non
428 4484 525 4549 suxis?
551 4484 598 4552 Vt)
615 4502 671 4539 non
688 4486 861 4552 trochaeum,
880 4485 929 4540 sed
948 4499 1044 4539 verum
1063 4484 1218 4554 spondeum
1238 4488 1355 4553 aequat
