2992 5004
257 341 321 410 308
545 358 806 410 rnonnoonssn
829 360 877 409 na
902 360 1112 410 nemorosus
1211 339 1214 342 ’

256 507 348 591 epist
375 509 428 572 17:
457 505 732 571 ‘Transscribitur
760 507 854 572 modo
883 506 1030 591 donoque
1059 505 1208 571 mittetur
1231 505 1313 571 Duci
1336 502 1402 569 Me-

256 613 395 698 diolani,
422 614 477 697 qui
501 636 574 679 eum
597 636 655 698 per
677 614 803 680 litteras
826 615 1013 701 postulavit.
1059 612 1203 679 Marchio
1227 613 1305 678 item
1328 611 1402 677 Fer·

255 721 407 786 raniensis
436 722 545 805 petiit:
574 721 704 787 dabitur
733 723 813 805 illis,
842 722 898 786 sed
926 722 974 787 ita
1002 725 1187 805 corruptus,
1219 723 1254 785 ut
1282 742 1356 785 vere
1383 743 1403 784 a

255 827 402 893 barbaris
417 814 521 893 redire
535 829 736 914 postliminio
752 828 918 894 rideatur?
951 830 996 894 Et
1014 828 1127 914 paullo
1147 831 1238 912 post:
1258 826 1402 910 ‘Nullus

254 933 335 1000 mibi
355 935 457 1020 crede,
476 935 628 1000 Plautum
648 937 730 1001 bene
748 936 969 1019 transscribet,
988 935 1052 1000 uisi
1072 936 1100 999 is
1120 936 1162 999 sit
1181 935 1402 1000 doctissimus:

255 1046 307 1106 est
329 1043 375 1107 eis
399 1042 526 1127 litteris,
551 1044 667 1128 quibus
692 1043 786 1108 multi
811 1044 888 1108 libri
912 1065 950 1107 ex
975 1042 1127 1126 antiquis,
1151 1063 1232 1126 quos
1252 1065 1272 1106 a
1291 1042 1402 1106 mulie-

254 1148 342 1213 ribus
366 1150 566 1234 conscriptos
591 1151 734 1215 arbitror
753 1147 800 1237 (l),
822 1151 914 1215 nulla
933 1150 1103 1215 verborum
1123 1148 1342 1232 distinctione,
1364 1154 1402 1214 ut

254 1277 406 1340 persaepe
434 1255 644 1322 divinandum
669 1255 733 1322 sit'
779 1256 900 1322 Verum
928 1256 989 1321 hoc
1013 1255 1051 1319 de
1075 1254 1201 1340 Poggio
1226 1255 1400 1338 quomodo·

254 1383 391 1447 cunique
414 1386 447 1428 se
476 1363 588 1447 habet,
616 1364 674 1429 tali
699 1364 794 1449 quale
823 1363 875 1429 hie
904 1363 1102 1449 significavit
1125 1362 1232 1426 studio
1257 1369 1290 1427 et
1311 1363 1404 1428 indu-

254 1469 334 1533 stria
357 1475 446 1534 certa
470 1476 502 1535 et
525 1474 678 1536 constans
702 1475 780 1536 nata
803 1477 854 1537 est
877 1472 1022 1536 recensio
1041 1471 1211 1555 quaedam,
1234 1471 1401 1555 pertinens

253 1596 291 1638 ea
319 1576 418 1641 etiam
446 1578 485 1642 ad
515 1582 588 1642 octo
613 1576 741 1642 fabulas
765 1578 903 1662 priores:
933 1600 997 1662 qua
1026 1577 1087 1642 etsi
1110 1577 1258 1641 effectum
1282 1581 1333 1641 est
1356 1581 1402 1660 ut,

252 1681 307 1766 qui
337 1683 476 1767 scriptor
504 1689 600 1749 antea
627 1689 763 1768 propter
790 1687 943 1767 portenta
972 1683 1151 1768 scripturae
1178 1684 1283 1748 instar
1310 1707 1402 1770 prae-

253 1788 334 1853 clusi
359 1790 504 1855 thesauri
527 1790 659 1878 fuisset,
682 1812 767 1855 nunc
791 1795 877 1855 certe
901 1791 1010 1875 aliquo
1034 1790 1130 1855 modo
1154 1794 1187 1855 et
1209 1791 1274 1877 legi
1298 1796 1331 1856 et
1353 1792 1403 1856 in·

251 1896 363 1982 tellegi
387 1902 507 1982 posset,
530 1902 626 1983 atque
650 1898 730 1963 adeo
753 1898 854 1963 haud
878 1920 1000 1983 pauca
1029 1898 1229 1962 fatendum
1257 1903 1317 1963 est
1340 1898 1400 1963 vel

134 2029 236 2069 xnvrn
252 2025 340 2068 vere
364 2006 425 2069 vel
449 2006 715 2090 probabiliter
742 2006 945 2071 emendata
973 2027 1071 2070 esse:
1099 2008 1210 2069 tamen
1233 2004 1330 2068 simul
1353 2005 1401 2068 in·

252 2110 414 2176 credibilis
439 2110 556 2177 Plauto
581 2111 690 2177 clades
710 2112 804 2176 illata
822 2117 881 2177 est.
920 2111 1004 2176 Nam
1024 2133 1106 2194 quae
1126 2112 1197 2175 erat
1216 2109 1273 2175 illa
1293 2115 1401 2175 aetate

252 2216 382 2281 criticae
406 2220 487 2284 artis
512 2220 718 2284 imbecillitas
738 2223 770 2283 et
789 2224 957 2303 tamquam
977 2218 1124 2302 infantia,
1147 2217 1339 2302 saepissime
1358 2217 1402 2282 le-

253 2323 369 2407 gitima
406 2325 588 2391 emendatio
622 2327 654 2390 in
688 2347 848 2396 summam
887 2323 1066 2389 coniciendi
1104 2322 1271 2389 libidinem
1303 2325 1402 2388 inter·

252 2429 448 2516 polandique
468 2435 686 2498 temeritatem
706 2434 811 2498 evasit
834 2455 906 2497 cum
930 2452 1049 2517 magna
1067 2430 1214 2495 mutandi
1238 2430 1402 2515 imperitia
1486 2416 1493 2434 ,

252 2537 469 2604 coniunctam.
516 2541 605 2617 Quae
629 2541 714 2605 ratio
738 2541 889 2605 universa
914 2561 986 2604 cum
1009 2538 1163 2602 insecutis
1188 2538 1324 2602 saeculis
1347 2539 1401 2602 lit-

251 2649 374 2711 teratos
404 2646 565 2732 homines,
594 2653 631 2713 ut
659 2650 691 2713 in
721 2649 782 2713 hoc
813 2668 930 2734 genere
958 2669 1073 2731 parum
1103 2645 1153 2709 vel
1181 2645 1327 2711 curiosos
1351 2646 1401 2709 vel

251 2753 439 2839 prudentes,
468 2776 599 2838 prorsus
629 2756 759 2838 lateret,
788 2755 896 2820 evenit
918 2758 955 2819 ut
977 2776 1050 2818 oum
1079 2756 1155 2818 ante
1179 2749 1400 2818 Camerarium

251 2882 363 2926 omnes
383 2862 541 2928 editiones
561 2862 743 2927 adulterato
763 2862 974 2927 fundamento
993 2862 1183 2942 niterentur,
1202 2862 1271 2924 tum
1291 2882 1399 2924 recen-

250 2968 388 3033 tioribus
418 2991 545 3054 quoque
573 2971 695 3035 multae
724 2992 762 3034 ex
786 2969 903 3034 Italica
932 2968 990 3033 illa
1012 2966 1264 3051 interpolatione
1287 2966 1399 3033 sordes

250 3073 484 3140 inhaerescant
531 3077 610 3141 Eius
639 3080 747 3140 autem
779 3076 974 3140 recensionis
1005 3074 1189 3158 exemplum
1222 3075 1256 3138 in
1288 3075 1400 3158 paucis
1436 3137 1438 3140 ,

251 3180 384 3263 plenum
409 3178 542 3266 (rectius
567 3183 653 3247 enim
677 3183 806 3266 plenum
831 3183 942 3248 videor
959 3188 1062 3266 'quam
1086 3182 1250 3265 integrum
1269 3178 1398 3265 vocare)

250 3287 286 3350 F
304 3293 462 3370 praestat:
491 3290 582 3354 cuius
611 3290 777 3354 simillimo
807 3290 915 3354 codice
939 3288 1079 3355 secunda
1102 3309 1218 3352 manus
1241 3287 1346 3352 nostri
1369 3287 1403 3351 Ε

250 3393 325 3458 libri
350 3417 408 3460 usa
430 3396 464 3459 in
486 3395 571 3461 huuc
596 3419 722 3461 summa
745 3396 906 3461 industria
934 3397 1047 3462 intulit
1075 3395 1280 3481 corrigendo,
1309 3394 1399 3480 quid·

251 3501 327 3585 quid
362 3525 383 3566 a
414 3503 539 3588 primae
572 3525 687 3568 manus
722 3504 882 3587 scriptura
914 3503 1101 3586 discrepans
1134 3501 1169 3564 in
1200 3501 1258 3566 illo
1290 3500 1399 3567 codice

250 3607 511 3692 deprehenderet.
557 3609 609 3674 Ita
637 3610 737 3695 igitur
767 3597 890 3673 factum
914 3614 965 3674 est
987 3614 1037 3693 ut,
1065 3631 1137 3674 cum
1160 3608 1328 3672 Vrsiniani
1351 3608 1398 3671 in·

250 3714 357 3780 dolam
372 3716 429 3780 Eo
448 3719 681 3801 repraesentet,
700 3717 831 3801 plenum
850 3716 1065 3802 interpolatae
1082 3714 1280 3783 recensionis
1296 3735 1399 3779 exem·

250 3822 339 3905 plum
363 3821 419 3886 Eo
441 3821 628 3887 habeamus.
666 3823 696 3887 A
716 3846 780 3906 quo
803 3824 898 3907 pleno
923 3823 1071 3907 exemplo
1095 3823 1195 3889 variis
1218 3821 1399 3886 intervallis

250 3929 307 3993 alii
331 3929 466 4014 codices,
489 3929 582 4012 eique
606 3950 740 3994 numero
763 3929 903 4014 plurimi,
927 3930 973 3995 ita
996 3930 1158 4015 recedunt,
1181 3951 1248 3994 non
1271 3931 1308 3993 ut
1330 3950 1399 3991 um·

250 4057 344 4119 quam
369 4058 471 4100 novae
500 4037 698 4101 mutationes
731 4035 765 4100 in
798 4036 1033 4101 tralaticiarum
1063 4036 1169 4102 locum
1200 4036 1399 4100 substitutae

251 4145 326 4228 sint,
350 4144 405 4208 sed
430 4148 466 4208 ut
485 4167 594 4209 earum
615 4147 706 4228 parte
725 4147 854 4208 tantum
874 4150 1003 4229 recepta
1022 4144 1103 4209 alias
1123 4144 1316 4229 quicumque
1335 4142 1400 4206 fuit

250 4271 430 4335 propagare
455 4252 576 4316 veritus
606 4250 646 4314 ad
675 4255 815 4315 veterem
845 4252 1037 4336 scripturam
1066 4248 1206 4316 redierst.
1252 4248 1322 4315 Hac
1346 4249 1400 4315 via

250 4357 370 4421 mixtae
394 4380 411 4421 e
436 4357 527 4422 Det
551 4364 582 4420 F
602 4355 654 4443 (ut
677 4358 850 4423 brevitatis
874 4381 987 4423 caussa
1011 4360 1056 4423 sic
1081 4354 1265 4443 loquamur)
1289 4378 1397 4422 recen·

247 4462 358 4526 siones
383 4467 474 4529 ortae
499 4467 587 4543 sunt,
616 4465 830 4548 interpolatae
854 4465 930 4529 illae
953 4465 1095 4549 quidem,
1124 4465 1178 4529 sed
1203 4464 1327 4530 modice
1351 4465 1399 4529 in-
