3006 5016
231 323 273 387 62
551 342 634 387 vair
659 341 809 388 wsassa
832 341 896 389 aas
920 340 1060 390 nocens

230 479 288 533 iam
306 480 336 534 ui
354 481 438 536 fallor
456 498 544 537 annus
563 481 709 548 secundus,
729 498 792 536 cum
810 480 840 535 in
859 482 1041 536 contubernio
1060 497 1122 535 meo
1141 497 1252 535 mecum
1272 480 1380 552 degens

231 585 276 622 me
296 570 375 623 audis
394 569 552 640 diligenter,
571 571 703 625 observas
721 569 851 639 fideliter,
868 570 1004 625 revereris
1018 571 1153 638 amanter,
1171 570 1243 624 mihi
1258 569 1313 625 soli
1328 570 1382 625 das

231 672 344 726 operam
363 676 419 713 non
438 660 581 714 assiduam
601 659 684 713 modo
704 658 753 713 sed
776 661 806 713 et
824 659 954 713 alacrem.
992 659 1083 725 Quare
1102 660 1153 713 tua
1171 659 1226 714 hac
1244 660 1383 731 pervigili

231 762 298 800 cura
316 747 464 816 studioque
480 765 535 802 non
554 747 705 817 penitendo
724 746 754 801 in
771 750 831 802 tam
846 746 989 802 imbecilla
1002 747 1147 816 presertim
1162 747 1256 803 adhuc
1271 750 1385 804 etatula

231 839 324 891 tantos
348 836 405 892 iam
428 852 591 906 progressus
616 838 732 904 utraque
756 835 854 905 lingua
876 834 983 902 fecisti,
1010 837 1043 888 ut
1066 835 1125 904 ipsa
1145 853 1271 908 qnoque,
1301 839 1384 894 cuius

230 926 316 980 ductu
334 928 363 980 et
382 925 513 995 auspiciis
532 926 603 981 haec
622 926 801 981 foelicissime
816 925 886 996 agis,
905 940 1103 992 nonnunquam
1119 926 1322 997 obstupescere
1339 944 1384 982 so·

229 1015 304 1069 leam
321 1018 351 1069 et
369 1015 410 1070 ita
429 1032 536 1070 mecum
556 1015 660 1070 tacitus
680 1014 771 1083 loqui:
1169 1013 1171 1017 ’

428 1122 450 1177 0
471 1124 555 1177 decus
573 1121 680 1191 ingenii
699 1122 921 1191 celebrandaque
940 1123 1055 1178 nomina
1072 1124 1171 1194 patris,

481 1211 534 1277 Qui
553 1211 678 1266 sobolem
697 1212 807 1265 tantam
825 1211 1006 1281 progenuisse
1025 1215 1127 1282 potest,

143 1295 216 1352 resav
426 1300 530 1355 Fausta
549 1300 608 1355 dies
626 1298 744 1354 nimium
763 1299 852 1355 nitido
872 1302 1045 1356 numeranda
1063 1302 1171 1371 lapillo,

480 1388 556 1455 Quae
577 1389 620 1442 illi
639 1388 764 1443 nascenti
783 1388 890 1443 lumina
909 1389 999 1458 prima
1018 1389 1103 1447 dedit.

230 1514 358 1584 Corporis
377 1517 406 1568 et
423 1515 555 1569 fortunae
574 1514 656 1583 hona,
674 1513 774 1582 quibus
792 1515 820 1567 te
840 1515 941 1568 natura
955 1513 1141 1582 pulcherrime
1159 1532 1193 1570 ac
1212 1516 1379 1571 eminentis-

236 1604 305 1657 sime
324 1603 447 1671 ornavit,
470 1602 584 1658 tametsi
603 1601 691 1657 abiis
711 1601 856 1671 contingat
873 1601 996 1670 aliquem
1014 1602 1154 1657 interdum
1171 1604 1380 1673 gloriosissima

228 1693 349 1760 laudari,
377 1691 444 1761 quia
466 1695 560 1747 tamen
583 1709 664 1746 nemo
688 1690 788 1745 iustius
815 1691 962 1759 veriusque
980 1691 1110 1746 laudibus
1130 1693 1277 1748 extollitur
1296 1712 1384 1763 quam

228 1800 290 1836 eum
310 1799 327 1836 a
345 1781 425 1836 bonis
444 1780 531 1835 animi
549 1781 618 1848 (hoc
636 1782 680 1835 est
698 1779 733 1834 ab
761 1779 1018 1834 honestissimarum
1037 1796 1129 1834 rerum
1148 1782 1257 1852 studio,
1274 1782 1384 1853 ingenii

228 1869 381 1939 facilitate,
404 1887 512 1926 morum
531 1870 668 1924 suavitate
687 1868 852 1938 virtutisque
871 1873 901 1924 et
918 1868 1067 1939 probitatis
1085 1871 1316 1939 expectatissima
1334 1875 1378 1928 in·
1399 1918 1403 1926 .

228 1962 302 2029 dole)
322 1960 439 2015 alicuius
459 1958 665 2013 commendatio
685 1961 781 2012 manat
799 1962 829 2013 et
846 1958 1038 2027 proficiscitur,
1057 1959 1188 2014 hocloco
1210 1978 1384 2018 commemo·

228 2066 288 2103 rare
307 2067 363 2104 non
381 2050 458 2103 libet.
493 2048 565 2114 Quid
584 2048 674 2102 dicam
695 2049 729 2102 dc
748 2049 899 2103 memoriae
919 2048 1000 2103 huius
1018 2050 1085 2103 tuae
1103 2065 1191 2118 prope
1211 2049 1383 2107 incredibili

229 2138 373 2193 bonitate?
411 2138 481 2192 Tam
500 2137 574 2191 enim
592 2138 676 2192 facile
695 2137 788 2205 discis,
806 2141 866 2192 tam
885 2138 1021 2192 tenaciter
1039 2137 1182 2206 contines,
1202 2141 1235 2193 ut
1254 2141 1382 2197 omnium

228 2231 339 2281 tuorum
357 2226 624 2296 condiscipulorum,
643 2242 712 2295 quos
731 2229 829 2280 nactus
848 2228 925 2284 eset
942 2226 1133 2282 nobilissimos
1151 2229 1181 2282 et
1201 2229 1381 2285 studiosissi-

229 2333 297 2383 mos,
316 2316 441 2369 unanimi
460 2334 595 2370 consensu
613 2332 668 2369 non
687 2314 794 2369 discere
812 2313 862 2368 scd
880 2314 1020 2370 reminisci
1035 2317 1129 2385 potius
1144 2317 1274 2374 videaris.
1305 2319 1382 2384 Quo·

230 2405 304 2458 circa
322 2404 442 2459 multum
461 2405 527 2459 huic
546 2404 735 2475 prosperrimo
754 2402 989 2474 foelicissimoque
1008 2405 1162 2460 studiorum
1181 2407 1299 2461 tuorum
1320 2427 1382 2464 suc·

228 2495 318 2548 cessei
337 2493 465 2563 gratulor
484 2493 601 2548 etmihi
620 2509 708 2563 aeque
727 2493 844 2563 gaudeo.
882 2492 924 2546 Ne
944 2492 1056 2562 dubita,
1079 2494 1118 2548 mi
1136 2494 1296 2551 bellissime
1315 2498 1382 2553 Ale·

228 2582 345 2650 rander,
368 2600 425 2637 non
446 2600 565 2652 parvum
588 2582 637 2638 sed
659 2582 764 2637 laboris
783 2582 992 2637 cohonestatis
1011 2582 1047 2637 ad
1066 2584 1096 2638 te
1124 2584 1381 2640 cumulatissimum

229 2671 381 2740 aliquando
399 2673 598 2740 perventurum
616 2671 765 2739 honorem,
789 2671 864 2739 quod
883 2689 900 2726 a
917 2674 1031 2726 tuorum
1050 2673 1209 2742 complexu,
1229 2691 1247 2728 a
1265 2676 1379 2744 patriae

229 2759 343 2827 deliciis,
363 2777 380 2814 a
398 2760 536 2815 sodalium
556 2759 661 2814 lusibus
676 2762 705 2814 et
718 2759 853 2815 conviviis
868 2760 1023 2829 ablegatus,
1041 2777 1098 2816 non
1116 2761 1229 2829 quidem
1242 2766 1382 2819 mercium

229 2850 487 2905 commutandarum
511 2855 560 2904 aut
582 2848 704 2904 foenoris
727 2848 936 2918 multiplicandi
958 2842 1055 2919 gracia
1083 2850 1248 2918 (quodiam
1271 2853 1381 2922 passim

229 2939 289 2994 fieri
307 2940 398 3007 solet),
423 2939 473 2993 sed
490 2940 522 2993 ut
541 2937 703 3007 politiorum
722 2937 878 2992 studiorum
896 2938 1098 2994 laudatissimis
1120 2943 1154 2994 et
1171 2940 1383 3009 probatissimis

230 3027 366 3082 institutis
385 3031 499 3082 ornatus
518 3029 548 3081 et
565 3029 663 3081 auctus
682 3026 815 3081 viaticum
835 3027 887 3081 tibi
907 3026 944 3082 ad
962 3028 1134 3082 senectutem
1154 3045 1302 3099 compares
1321 3047 1379 3086 non

229 3117 315 3185 ferro,
342 3133 398 3171 non
424 3116 557 3186 flammis,
584 3132 641 3171 non
659 3116 778 3184 denique
805 3116 1020 3185 tempestatibus
1047 3117 1111 3171 ullis
1136 3118 1301 3187 obnoxium,
1329 3120 1381 3174 sed

230 3206 415 3272 liberrimum,
440 3205 612 3258 tutissimum
635 3207 719 3273 atque
738 3206 906 3274 perpetuum
930 3205 1011 3259 etin
1034 3206 1109 3275 quod
1131 3207 1245 3261 fortuna
1262 3224 1378 3277 quoque
1422 3212 1427 3223 '

229 3296 304 3365 ipsa,
332 3295 454 3349 omnium
478 3294 596 3349 aliarum
620 3310 711 3349 rerum
737 3293 850 3348 domina
868 3310 902 3348 ac
920 3293 1116 3365 dispensatrix,
1135 3296 1242 3350 nullum
1261 3296 1380 3352 omnino

230 3384 334 3439 habeat
351 3383 508 3454 imperium.
536 3384 599 3438 Non
618 3383 692 3438 enim
711 3383 796 3438 facile
815 3383 877 3451 quis
896 3383 992 3453 eloqui
1010 3386 1112 3454 potest,
1132 3402 1216 3452 quam
1235 3385 1308 3440 haec
1327 3386 1380 3440 hu·

230 3490 373 3528 manarum
388 3472 545 3527 litterarum
570 3475 599 3526 et
623 3472 798 3540 eloquentiae
822 3471 1001 3527 ornatissima
1025 3473 1247 3542 suavissimaque
1272 3474 1381 3543 studia,

231 3562 254 3615 si
277 3562 449 3632 pleniuscule
472 3564 548 3617 etate
570 3562 638 3629 ista,
667 3579 750 3631 quam
774 3564 806 3615 tu
829 3561 912 3616 modo
931 3560 1015 3628 vivis,
1045 3564 1178 3632 percepta
1196 3565 1225 3617 et
1242 3562 1381 3618 imbibita

230 3651 347 3719 fuerint,
371 3654 508 3721 quantum
532 3650 677 3705 conferant
700 3649 736 3704 ad
759 3667 871 3704 omnem
894 3649 1071 3720 disciplinam
1097 3655 1126 3706 et
1148 3650 1281 3722 precipue
1307 3653 1380 3708 iuris

147 3737 207 3783 ⁰·r
230 3739 375 3795 scientiam
395 3740 620 3811 percipiendam,
640 3741 775 3808 quantum
794 3741 954 3808 perceptam
974 3740 1103 3795 excolant
1121 3741 1267 3810 magisque
1285 3759 1379 3812 popu·

230 3829 317 3883 larem
340 3830 467 3884 reddant.
506 3829 681 3897 Quamquam
700 3829 771 3896 iam,
791 3827 814 3882 si
833 3828 887 3882 diis
906 3829 1012 3897 placet,
1030 3829 1060 3886 in
1085 3829 1212 3884 omnibus
1230 3829 1291 3884 fere
1312 3831 1382 3887 aliis

229 3934 279 3987 per
297 3918 407 3973 diversa
426 3918 592 3973 Germaniae
615 3917 678 3971 loca
701 3916 821 3986 publicis
846 3918 1000 3987 gymnasiis
1018 3918 1134 3987 quidam
1152 3905 1330 3973 iactanticnli
1351 3923 1383 3975 et

230 4006 325 4062 stolidi
344 4024 437 4062 osores
456 4005 551 4061 nescio
571 4022 627 4074 qua
641 4022 729 4061 vanae
744 4006 877 4061 scientiae
892 4007 1071 4077 persuasione
1085 4007 1183 4063 conlisi
1197 4005 1382 4065 maiestatem

230 4095 311 4149 latini
334 4096 438 4164 eloquii
462 4113 495 4149 ac
518 4112 612 4150 sacros
631 4092 771 4150 Musarum
795 4096 886 4151 sontes
905 4097 1031 4166 turpiter
1049 4097 1154 4152 audent
1171 4095 1382 4166 reprehendere

230 4186 260 4238 et
278 4200 370 4238 morsu
389 4184 488 4241 canino
507 4185 644 4252 lacerare;
668 4185 715 4240 hei
734 4203 818 4253 quam
836 4188 941 4240 temere
966 4189 1012 4255 (nc
1036 4186 1127 4241 dicam
1147 4185 1243 4255 stulte)
1262 4186 1313 4240 hos
1334 4204 1380 4241 so·

230 4273 289 4327 lum
312 4290 409 4342 sapere
433 4273 638 4342 existimantes,
665 4274 714 4343 qui
737 4275 905 4344 portentosis
927 4272 1094 4344 quibusdam
1117 4279 1147 4330 et
1158 4270 1180 4329 'e
1199 4273 1294 4328 media
1311 4265 1381 4330 bar·

230 4363 308 4417 barie
328 4361 510 4417 emendicatis
531 4363 672 4418 vocabulis
690 4365 809 4419 iterem
828 4363 917 4432 ipsam
937 4363 971 4418 de
986 4380 1042 4432 qua
1056 4364 1209 4433 loquuntur
1222 4363 1381 4419 involucris

231 4454 260 4508 ct
279 4451 427 4522 enigmatis
446 4451 636 4521 distorquent,
659 4453 764 4509 utiam
785 4455 834 4507 ant
853 4453 977 4522 Sphinge
997 4454 1047 4507 aut
1066 4453 1209 4524 Oedipode
1228 4453 1274 4507 vel
1292 4452 1381 4512 Delio
