2940 5004
227 329 292 393 486
518 343 779 397 paotusouuuu
804 344 850 390 ua
876 336 1085 390 uarronrevs
1186 389 1189 395 .

228 489 341 571 voluit,
363 487 526 552 intensam
549 491 719 571 praestare
739 487 931 550 obscuratae
950 486 1137 571 apparet*):
1160 489 1231 572 pari
1250 489 1383 553 ratione

229 600 326 679 atque
355 618 382 660 v.
407 597 427 658 2
451 617 517 659 non
541 597 637 673 firma
659 595 748 675 quc'm
775 594 843 673 fore
864 594 966 657 dicum
990 594 1173 678 collocavit,
1196 596 1252 659 sed
1280 596 1385 677 finem

113 683 215 769 cunvn
228 704 295 783 so'rc
321 723 410 784 quera
436 701 550 778 duaco,
578 701 711 766 tametsi
742 700 814 784 ipsa
835 699 902 781 soro
924 721 1003 764 voce
1027 700 1067 764 ad
1090 703 1287 766 sententiam
1312 705 1383 788 qui-

227 810 299 873 dern
330 809 425 873 facile
455 829 631 872 careamus.
677 805 752 872 Non
784 807 916 892 gravior
944 807 1019 872 aare
1050 807 1141 872 notio
1174 812 1226 873 est
1258 809 1294 873 in
1328 810 1384 874 his

227 917 353 980 ciculum
380 916 447 979 iuria
473 917 548 981 dure
572 917 666 999 pastio
691 938 719 980 v.
743 916 823 980 325:
853 937 957 999 neque
985 915 1070 978 enim
1098 916 1149 980 vel
1177 915 1304 981 dandae
1329 939 1384 981 ne

228 1022 415 1107 gandaeque
448 1023 498 1085 vel
534 1020 692 1105 petendae
724 1021 911 1106 dandaeque
952 1021 1116 1104 oppositio
1153 1023 1192 1086 fit
1227 1024 1310 1088 ulla:
1349 1028 1383 1087 et

228 1132 337 1192 tamen
361 1134 418 1192 aut
440 1131 564 1194 ueniunt
587 1128 662 1193 deire
683 1129 748 1192 eom
779 1133 836 1192 aut
858 1128 933 1193 dore
954 1130 1020 1192 iam
1042 1129 1222 1213 ucuiamm)
1246 1134 1383 1213 poetam

229 1235 382 1299 maluisse
405 1236 467 1319 ipsi
491 1236 616 1300 codices
639 1234 733 1298 fidem
760 1235 883 1300 taciuut
902 1234 934 1297 A
958 1239 989 1298 et
1012 1234 1050 1300 B.
1076 1233 1230 1300 Similiter
1254 1260 1285 1301 v.
1305 1239 1383 1318 898,

229 1343 357 1407 etiamsi
387 1364 454 1406 non
485 1342 621 1406 vitiosus
653 1345 738 1406 esset
768 1340 943 1425 spondeus,
973 1344 1083 1405 tamen
1114 1343 1283 1408 ferendum
1314 1368 1382 1409 non

229 1453 314 1513 esset
341 1439 395 1513 scio
424 1449 521 1532 puato
550 1450 624 1512 dore
655 1450 818 1530 metatum
850 1470 909 1532 pro
940 1448 1015 1512 ddrc
1046 1469 1102 1513 suo
1135 1450 1230 1532 pisato
1263 1455 1379 1533 epistic-

230 1553 376 1641 lum.***)
414 1555 579 1639 Imprimis
598 1558 703 1638 aptae,
726 1555 843 1639 quibus
868 1554 963 1618 huius
983 1555 1209 1619 concinnitatis
1229 1559 1378 1623 studium

231 1664 361 1744 eniteat,
384 1664 465 1726 tales
490 1661 669 1726 locutiones
694 1665 771 1725 sunt
794 1683 875 1745 quae
895 1685 955 1725 usu
975 1663 1133 1726 sermonis
1152 1662 1383 1748 frequentatae

230 1774 417 1834 constanter
436 1772 585 1834 accentus
606 1772 747 1851 servant,
770 1771 807 1830 ut
830 1768 954 1849 operam
976 1768 1051 1832 darc
1073 1769 1125 1832 vel
1148 1771 1223 1834 ddrc
1246 1793 1383 1857 ορεναηι,

230 1880 311 1943 item
335 1878 411 1959 (lpus
433 1882 484 1941 est.
518 1875 613 1941 Vnde
632 1876 803 1959 dupliciter
821 1877 854 1940 in
874 1878 979 1938 artem
1000 1882 1135 1958 peccant
1154 1877 1232 1941 libri
1253 1901 1282 1941 v.
1302 1880 1383 1945 583:

230 1985 280 2048 Dc
302 1986 368 2048 dote
390 1990 426 2047 ul
452 1984 556 2047 rtldcut
585 1984 662 2063 quid
687 2004 763 2064 qus
785 1986 826 2047 sit
851 1985 950 2064 liram·
980 1961 1004 2050 1‘
1024 1984 1217 2061 morlanum
1241 1985 1282 2048 ad
1307 2008 1385 2069 opus

231 2097 269 2157 et
290 2094 373 2176 sacto
397 2092 465 2156 sine
489 2092 557 2155 ulla
580 2092 773 2155 necessitate
797 2091 950 2175 depressa
973 2092 1104 2155 accedat
1126 2095 1258 2174 praeter
1281 2095 1385 2158 ratio·

231 2223 305 2263 nem
329 2201 494 2264 intensum
517 2200 569 2263 sil:
599 2199 748 2281 quocirca
777 2198 863 2262 haud
887 2202 1080 2263 cunctanter
1103 2201 1385 2283 transponendum

231 2305 293 2369 fuit
316 2306 393 2386 quid
412 2305 494 2384 facto
517 2305 668 2385 opressit:
697 2327 772 2368 nam
802 2305 970 2369 minimam
1000 2326 1038 2368 ex
1066 2304 1131 2369 illis
1156 2306 1290 2371 vocibus
1317 2331 1385 2373 om·

231 2412 326 2475 uibus
350 2412 415 2474 vim
444 2410 543 2474 habet
569 2410 660 2489 facto.
707 2411 887 2476 Fatendum
910 2415 960 2475 est
984 2415 1093 2476 tamen
1118 2413 1278 2496 quaedam
1303 2437 1385 2479 sane

233 2519 313 2584 adeo
337 2518 413 2583 exili
436 2519 570 2581 notione
595 2540 679 2601 esse,
706 2523 742 2581 ut
771 2541 810 2582 ne
834 2542 906 2582 cunr
931 2541 1058 2583 summa
1081 2520 1270 2584 intendendi
1295 2543 1385 2586 com-

233 2626 390 2690 moditate
414 2625 542 2709 quidem
567 2627 772 2690 coniunctam
798 2631 949 2690 accentus
969 2627 1197 2691 necessitatem
1221 2626 1385 2692 habeant:

232 2756 296 2819 quo
320 2733 432 2797 multis
455 2733 488 2796 in
513 2732 593 2796 locis
617 2733 731 2795 leviter
760 2732 870 2795 addita
896 2754 956 2816 epo,
984 2735 1074 2818 utili,
1104 2725 1164 2798 tihi
1187 2736 1386 2816 pronomina

233 2841 405 2924 pertinent.
451 2838 552 2902 Velut
575 2838 658 2901 nihil
683 2841 732 2901 est
757 2838 841 2922 quod
865 2838 904 2901 ad
928 2839 1101 2921 positionis
1126 2840 1324 2925 elegantiam
1349 2843 1384 2907 in

234 2948 284 3011 his
311 2947 511 3011 desideretur
539 2969 567 3009 v.
591 2946 665 3010 874.
688 2945 767 3009 995ι
795 2947 849 3026 qui
876 2944 933 3009 luis
958 2945 1037 3009 milui
1064 2948 1147 3009 dedit
1173 2949 1322 3028 (pietatm
1351 2954 1386 3013 et

232 3059 288 3137 qui
318 3054 396 3117 mila
426 3056 483 3117 tris
512 3054 655 3117 narramus
684 3055 777 3117 dedit:
811 3052 1019 3136 quantumvis
1053 3054 1141 3118 facili
1175 3076 1274 3138 opera
1309 3078 1385 3120 cum

233 3161 422 3225 Hermanno
453 3164 648 3243 transponas
678 3159 736 3224 laos
765 3160 844 3223 mlta·
872 3162 927 3241 qui
955 3162 1038 3225 dedit
1066 3162 1212 3242 ‹asur-las
1241 3166 1274 3224 et
1305 3162 1388 3227 mila

233 3270 287 3348 qui
316 3270 372 3332 trc's
399 3267 541 3331 aurierunt
567 3268 657 3331 dedit.
686 3303 722 3312 —
749 3264 901 3330 Ceterum
929 3268 963 3332 in
991 3268 1063 3332 aliis
1095 3290 1190 3351 saepe
1214 3267 1386 3334 lenissimo

235 3374 373 3439 artificio
397 3374 478 3438 illud
502 3374 643 3437 efficitur
666 3377 702 3437 ut
727 3396 743 3436 e
766 3373 853 3437 thesi
876 3374 909 3436 in
934 3375 1033 3438 arsim
1052 3375 1267 3439 transferatur
1287 3398 1384 3440 voca·

234 3482 354 3545 bulum.
400 3481 498 3545 Velut
527 3485 559 3544 et
586 3481 682 3544 bonis
710 3485 743 3544 et
770 3501 869 3563 scus,
897 3504 1093 3565 quamquem
1121 3482 1273 3565 opposita
1297 3483 1388 3547 inter

236 3612 279 3672 se,
303 3588 496 3652 delitescunt
519 3590 552 3651 in
576 3588 740 3652 tralaticia
763 3588 868 3670 specie
893 3611 1003 3653 versus
1030 3590 1128 3653 1064:
1152 3589 1191 3653 Si
1212 3596 1310 3653 bouus
1333 3596 1389 3668 cst,

235 3696 382 3760 obruicitu
409 3717 491 3779 suus,
522 3699 574 3759 siu
595 3716 679 3759 secus
701 3701 757 3778 cst,
785 3696 903 3774 facium
931 3696 965 3758 u't
987 3715 1101 3760 scortes:
1134 3697 1244 3760 eadem
1269 3698 1388 3762 statim

105 3831 221 3870 consur
236 3807 420 3887 emergunt,
452 3804 507 3866 ubi
536 3803 715 3886 scripturae
743 3802 957 3866 variationem
989 3803 1036 3867 eis
1065 3802 1249 3867 adhibueris
1280 3803 1389 3887 ipsius

237 3907 443 3991 antiquitatis
472 3909 704 3973 consuetudine
736 3909 919 3993 flagitatam
946 3913 977 3973 si
1002 3910 1110 3973 bonust
1136 3914 1169 3973 et
1196 3912 1247 3974 siu
1274 3912 1389 3976 serrat:

237 4037 300 4097 quo
324 4015 412 4079 facto
437 4016 540 4078 solum
565 4016 598 4079 in
623 4016 708 4079 thesi
732 4020 858 4080 restans
880 4017 999 4095 faciam
1021 4038 1085 4080 uon
1109 4018 1254 4099 postulat
1278 4018 1390 4083 inten-

237 4140 448 4149 --—-—-.——

325 4191 350 4256 *)
371 4191 451 4260 l‘Pro
471 4206 525 4245 uno
544 4191 680 4245 vocabulo
700 4196 743 4245 est
757 4208 844 4260 prope
862 4207 903 4244 me
922 4207 997 4246 more
1016 4191 1153 4260 antiquo)
1175 4191 1279 4263 Trinl]

307 4276 348 4346 **)
369 4279 411 4348 [ln
430 4277 473 4332 ed.
492 4279 541 4332 alt.
560 4279 634 4333 hanc
657 4279 761 4333 codicis
780 4279 806 4331 A
827 4279 994 4347 scripturam
1012 4280 1058 4334 vix
1077 4282 1154 4333 recte
1172 4297 1202 4334 se
1220 4280 1264 4335 illi
1285 4285 1391 4354 aequi·

236 4383 348 4433 peraeae
367 4368 536 4422 Ritsehellus
555 4368 648 4438 vidit]

308 4452 364 4521 m)
384 4456 510 4525 [parum
532 4456 622 4523 perite
645 4457 779 4510 reiectum
798 4475 816 4510 a
834 4457 969 4511 Muellero
992 4457 1027 4511 de
1045 4474 1118 4526 pros.
1138 4475 1164 4526 p.
1184 4458 1258 4512 21³!
1281 4459 1392 4536 Trin.²]
