2986 5010
426 332 690 380 nnnnnnrronrs
714 332 919 379 rnsvrrusn.
1184 314 1249 377 393

179 476 273 542 -Inde
292 499 343 543 me
362 479 395 541 εὴ
414 476 511 541 simul
529 475 704 560 participes
724 473 828 541 omnis
849 497 938 539 meos
963 473 1083 558 praeda
1107 474 1248 538 onerabo

848 585 945 666 atque
969 582 1116 665 opplebo.

103 708 166 786 Qui
189 709 217 774 si
241 709 467 793 anapaesticus
491 711 550 790 est,
573 706 670 772 scribi
693 707 741 772 ita
764 707 899 791 poterit:

192 833 271 899 Inde
290 855 341 899 me
361 836 393 899 et
411 834 508 898 simul
527 832 633 899 omnis
653 832 827 916 participes
851 854 940 897 meos
964 832 1084 916 praeda
1107 831 1248 896 onerabo

847 943 943 1025 atque
966 939 1119 1025 opplebo:

103 1067 167 1150 sin,
194 1066 280 1152 quod
308 1067 409 1152 malo,
436 1066 619 1132 trochaicus
648 1064 832 1131 octonarius
860 1062 929 1150 (eos
954 1065 1040 1129 enim
1063 1086 1174 1129 versus
1198 1086 1249 1130 ex-

103 1173 196 1258 cipit,
229 1196 368 1259 quorum
396 1174 594 1240 trochaicam
622 1193 805 1236 mensuram
833 1171 962 1235 firmavi
992 1171 1155 1256 Philologi
1183 1176 1205 1237 t.
1233 1172 1249 1237 I

102 1302 133 1363 p.
149 1280 214 1345 304
225 1302 271 1366 sq.
295 1283 352 1362 [=
368 1280 486 1365 Opusc.
509 1278 587 1364 phil.
610 1278 643 1343 ΙΙ
666 1301 696 1363 p.
721 1279 785 1343 279
801 1274 887 1364 sq.]),
911 1278 957 1342 sic
980 1277 1248 1363 redintegrandus

102 1409 168 1452 una
191 1409 263 1452 cum
286 1389 434 1473 proximo
458 1388 534 1452 erit:

193 1487 270 1578 inde
294 1536 345 1579 me
369 1517 402 1578 et
425 1511 520 1578 simul
548 1511 722 1595 participes
746 1509 835 1575 mbos
854 1510 975 1594 praeda
994 1511 1136 1577 onerabo
1152 1514 1248 1597 atque

850 1641 868 1682 o
916 1617 999 1682 lebo.

192 1726 316 1792 Metum
334 1728 367 1793 e't
389 1728 501 1814 fugam
525 1716 743 1811 perdiellibus
768 1726 847 1789 meis
870 1641 1001 1790 ididiam:
1031 1747 1081 1788 me
1105 1730 1141 1789 ut
1170 1747 1246 1811 gna-

847 1836 916 1897 tum
940 1832 1059 1916 sciant,

192 1941 261 2018 Quo
286 1965 357 2006 sum
380 1963 497 2027 genere
521 1943 638 2026 gnatus
660 1962 684 2005 e.
706 1962 734 2023 q.
756 1961 780 2006 ε.

101 2065 177 2131 Sine
199 2067 267 2131 ulla
290 2069 397 2131 autem
425 2065 618 2130 necessitate
641 2065 748 2129 Meilto
774 2066 891 2147 copitas
913 2064 1020 2146 simul,
1046 2065 1145 2129 nocio
1172 2068 1249 2147 qaid

101 2162 283 2238 Trinummi
302 2174 409 2238 versui
429 2173 495 2237 880
513 2169 719 2236 Hermannus
739 2171 817 2236 olim
836 2170 961 2253 tribuit,
984 2170 1040 2234 ubi
1063 2187 1122 2236 nec
1140 2172 1247 2237 Mu'lto

100 2281 196 2347 simut
213 2281 304 2364 ropds
323 2280 383 2362 [sic
401 2276 519 2360 Trin.²]
539 2301 599 2344 nec
618 2278 757 2344 fortasse
776 2279 883 2344 Multa
901 2279 996 2345 siracti
1012 2278 1129 2361 ropitds
1147 2278 1247 2344 habet

101 2410 158 2452 cur
181 2386 359 2472 displiceat.
407 2384 469 2451 sed
498 2387 598 2451 allata
621 2386 731 2451 omnia
754 2408 828 2451 cum
850 2386 898 2451 ita
921 2408 955 2451 se
978 2385 1098 2450 habere
1121 2386 1248 2469 possint

100 2496 149 2560 uti
173 2495 241 2559 dixi
265 2492 381 2580 (neque
405 2495 490 2559 enim
514 2493 553 2559 de
577 2494 716 2579 singulis
739 2515 824 2559 nunc
843 2493 1002 2558 contendo
1021 2492 1246 2578 pertinacius):

101 2605 136 2666 at
160 2623 290 2685 prorsus
320 2604 407 2666 certa
434 2601 497 2666 duo
526 2602 673 2686 exempla
700 2604 825 2665 restant
849 2600 921 2665 Aul.
944 2600 1000 2681 IV,
1025 2602 1055 2686 3,
1078 2601 1099 2665 2
1123 2604 1155 2664 et
1177 2598 1246 2663 Mil.

99 2707 156 2794 IV,
179 2709 209 2792 4,
235 2711 266 2773 l:

190 2828 299 2897 Sdmul
322 2831 459 2897 radebat
481 2832 616 2917 pedibus
639 2836 760 2897 terram
783 2838 816 2898 et
838 2834 916 2898 udce
940 2833 1084 2897 crociba'rt
1107 2855 1175 2898 sua.
1262 2848 1370 2889 cnvss

191 2938 384 3022 Sequimini:
409 2938 505 3003 simul
530 2935 776 3023 circumspicite,
799 2941 839 3004 ne
862 2938 935 3024 quis
959 2938 1044 3003 adsit
1066 2939 1202 3004 arbiter:

99 3065 134 3130 in
165 3063 280 3148 quibus
312 3083 378 3127 non
408 3063 514 3147 magis
545 3062 782 3146 correptionem
812 3084 929 3148 passae
953 3068 1029 3128 sunt
1053 3064 1194 3129 sociatae
1218 3066 1247 3131 ἰν

101 3174 135 3236 εὴ
159 3171 185 3235 lc
212 3170 355 3253 litterae,
383 3191 481 3254 quam
505 3168 656 3233 Eunuchi
679 3168 774 3253 11‚2,
800 3169 841 3234 10
864 3172 897 3233 et
919 3168 997 3235 Hec.
1020 3169 1077 3255 IV,
1103 3173 1131 3254 1,
1153 3173 1197 3238 60
1221 3173 1247 3238 lc

101 3283 134 3343 ct
158 3278 187 3342 lo
215 3276 249 3340 in
271 3277 366 3341 simrd
388 3278 552 3342 maelium
575 3279 608 3341 et
628 3277 724 3342 simul
740 3298 855 3360 mcor,
879 3299 960 3360 quae
983 3277 1112 3345 Bentlei
1135 3280 1246 3364 opinio

99 3384 171 3448 fuit.
218 3381 343 3460 Quodsi
366 3381 404 3446 de
427 3382 564 3446 senariis
588 3383 843 3468 septenariisque
867 3389 1027 3450 certares
1051 3389 1114 3469 est,
1142 3387 1245 3452 multo

100 3491 208 3554 minus
231 3490 270 3554 de
293 3488 508 3573 anapaesticis
532 3489 702 3554 dubitandi
725 3490 815 3555 locus
839 3490 971 3555 relictus
991 3495 1049 3556 est.
1086 3491 1157 3567 Quo
1175 3514 1246 3577 per·

98 3599 183 3662 tinet
201 3597 319 3661 Persae
338 3594 380 3678 Π,
402 3597 428 3679 1,
448 3596 478 3679 3,
501 3598 662 3681 corruptis
681 3599 823 3662 numeris
847 3599 895 3663 sic
916 3598 1063 3682 proditus
1087 3597 1245 3664 inlibris:

189 3702 391 3788 Quamquam
419 3721 480 3786 ego
509 3703 621 3767 uinum
649 3704 736 3788 bibo,
764 3709 798 3770 at
825 3704 980 3770 mandata
1002 3726 1068 3769 non
1092 3706 1245 3770 consuent

849 3812 944 3876 simul
968 3811 1078 3876 bibere
1101 3833 1179 3896 una,

100 3917 190 3983 facili
213 3920 321 3981 autem
345 3938 444 4001 opera
466 3916 606 4000 pristino
630 3917 730 3983 nitori
753 3918 799 3982 sic
822 3918 1055 3982 restituendus:

190 4022 394 4107 Quamquam
426 4023 487 4108 ego
517 4024 630 4088 uinum
661 4023 752 4109 bibo,
783 4024 938 4089 mandata
973 4024 1060 4089 hand
1092 4026 1245 4091 consueui

846 4120 942 4196 simul
965 4131 1075 4197 bibere
1098 4136 1171 4197 dna.

191 4234 276 4301 Nolo
300 4236 353 4301 hic
376 4241 576 4321 pertractare
603 4236 738 4321 reliqua:
768 4259 784 4300 e
807 4237 919 4322 paucis
943 4238 995 4301 vel
1017 4238 1171 4304 iudicium
1194 4240 1244 4304 vel

99 4342 286 4408 coniectura
314 4343 384 4409 fieri
414 4345 453 4409 de
484 4344 633 4410 omuibus
663 4347 780 4428 potest.
826 4344 967 4410 Tantum
996 4345 1144 4411 effectum
1173 4368 1244 4412 cose

100 4452 177 4515 ante
204 4449 377 4533 disputetis
406 4449 561 4536 arbitror,
588 4455 713 4516 utnon
737 4450 833 4517 modo
855 4471 975 4537 senec,
998 4453 1037 4518 de
1060 4474 1124 4537 quo
1147 4474 1243 4518 nemo
