<?xml version="1.0" encoding="UTF-8"?>
<!DOCTYPE html PUBLIC "-//W3C//DTD XHTML 1.0 Transitional//EN"
    "http://www.w3.org/TR/xhtml1/DTD/xhtml1-transitional.dtd">
<html xmlns="http://www.w3.org/1999/xhtml" xml:lang="en" lang="en">
 <head>
  <title>
</title>
<meta http-equiv="Content-Type" content="text/html;charset=utf-8" />
  <meta name='ocr-system' content='tesseract 3.04.00' />
  <meta name='ocr-capabilities' content='ocr_page ocr_carea ocr_par ocr_line ocrx_word'/>
</head>
<body>
  <div class='ocr_page' id='page_1' title='image "./fridericiritsch05wachgoog_0085.png"; bbox 0 0 3006 5016; ppageno 0'>
   <div class='ocr_carea' id='block_1_1' title="bbox 255 325 1077 391">
    <p class='ocr_par' dir='ltr' id='par_1_1' title="bbox 255 325 1077 391">
     <span class='ocr_line' id='line_1_1' title="bbox 255 325 1077 391; baseline 0 -2"><span class='ocrx_word' id='word_1_1' title='bbox 255 325 297 390; x_wconf 74' lang='lat'><strong>68</strong></span> <span class='ocrx_word' id='word_1_2' title='bbox 571 341 652 389; x_wconf 82' lang='lat' dir='ltr'><strong>verr</strong></span> <span class='ocrx_word' id='word_1_3' title='bbox 676 342 825 389; x_wconf 81' lang='lat' dir='ltr'><strong>wnunsu</strong></span> <span class='ocrx_word' id='word_1_4' title='bbox 848 341 912 390; x_wconf 74' lang='lat' dir='ltr'><strong>uns</strong></span> <span class='ocrx_word' id='word_1_5' title='bbox 937 342 1077 391; x_wconf 77' lang='lat' dir='ltr'><strong>nocane</strong></span> 
     </span>
    </p>
   </div>
   <div class='ocr_carea' id='block_1_2' title="bbox 198 481 1403 2516">
    <p class='ocr_par' dir='ltr' id='par_1_2' title="bbox 198 481 1403 2516">
     <span class='ocr_line' id='line_1_2' title="bbox 255 481 1401 552; baseline 0.002 -15"><span class='ocrx_word' id='word_1_6' title='bbox 255 500 338 552; x_wconf 89' lang='lat' dir='ltr'><strong>quem</strong></span> <span class='ocrx_word' id='word_1_7' title='bbox 362 498 493 538; x_wconf 81' lang='lat' dir='ltr'><strong>evocasse</strong></span> <span class='ocrx_word' id='word_1_8' title='bbox 516 500 615 552; x_wconf 90' lang='lat' dir='ltr'><strong>parum</strong></span> <span class='ocrx_word' id='word_1_9' title='bbox 639 483 693 537; x_wconf 89' lang='lat' dir='ltr'><strong>rite</strong></span> <span class='ocrx_word' id='word_1_10' title='bbox 717 481 859 552; x_wconf 89' lang='lat' dir='ltr'><strong>conceptis</strong></span> <span class='ocrx_word' id='word_1_11' title='bbox 882 483 974 538; x_wconf 81' lang='lat' dir='ltr'><strong>verbis</strong></span> <span class='ocrx_word' id='word_1_12' title='bbox 999 481 1086 538; x_wconf 88' lang='lat' dir='ltr'><strong>exitio</strong></span> <span class='ocrx_word' id='word_1_13' title='bbox 1105 482 1173 538; x_wconf 91' lang='lat' dir='ltr'><strong>olim</strong></span> <span class='ocrx_word' id='word_1_14' title='bbox 1192 482 1260 551; x_wconf 84' lang='lat' dir='ltr'><strong>fuit,</strong></span> <span class='ocrx_word' id='word_1_15' title='bbox 1287 483 1336 538; x_wconf 87' lang='lat' dir='ltr'><strong>sed</strong></span> <span class='ocrx_word' id='word_1_16' title='bbox 1355 502 1401 539; x_wconf 90' lang='lat' dir='ltr'><strong>me</strong></span> 
     </span>
     <span class='ocr_line' id='line_1_3' title="bbox 253 570 1401 643; baseline 0.003 -18"><span class='ocrx_word' id='word_1_17' title='bbox 253 572 373 627; x_wconf 88' lang='lat' dir='ltr'><strong>miserae</strong></span> <span class='ocrx_word' id='word_1_18' title='bbox 392 570 482 641; x_wconf 89' lang='lat' dir='ltr'><strong>plebis</strong></span> <span class='ocrx_word' id='word_1_19' title='bbox 500 571 615 626; x_wconf 87' lang='lat' dir='ltr'><strong>miseret</strong></span> <span class='ocrx_word' id='word_1_20' title='bbox 633 573 664 626; x_wconf 89' lang='lat' dir='ltr'><strong>et</strong></span> <span class='ocrx_word' id='word_1_21' title='bbox 681 571 761 642; x_wconf 89' lang='lat' dir='ltr'><strong>piget</strong></span> <span class='ocrx_word' id='word_1_22' title='bbox 775 573 948 641; x_wconf 89' lang='lat' dir='ltr'><strong>quorundam</strong></span> <span class='ocrx_word' id='word_1_23' title='bbox 963 571 1026 643; x_wconf 88' lang='lat' dir='ltr'><strong>plus</strong></span> <span class='ocrx_word' id='word_1_24' title='bbox 1040 589 1125 641; x_wconf 91' lang='lat' dir='ltr'><strong>quam</strong></span> <span class='ocrx_word' id='word_1_25' title='bbox 1139 572 1263 627; x_wconf 86' lang='lat' dir='ltr'><strong>turcieae</strong></span> <span class='ocrx_word' id='word_1_26' title='bbox 1277 574 1401 642; x_wconf 82' lang='lat' dir='ltr'><strong>tyranni·</strong></span> 
     </span>
     <span class='ocr_line' id='line_1_4' title="bbox 253 659 1403 732; baseline 0.001 -17"><span class='ocrx_word' id='word_1_27' title='bbox 253 662 305 716; x_wconf 92' lang='lat' dir='ltr'><strong>dis.</strong></span> <span class='ocrx_word' id='word_1_28' title='bbox 333 660 497 716; x_wconf 87' lang='lat' dir='ltr'><strong>Franciscus</strong></span> <span class='ocrx_word' id='word_1_29' title='bbox 525 661 559 714; x_wconf 89' lang='lat' dir='ltr'><strong>de</strong></span> <span class='ocrx_word' id='word_1_30' title='bbox 580 659 733 732; x_wconf 79' lang='lat' dir='ltr'><strong>Siclringen</strong></span> <span class='ocrx_word' id='word_1_31' title='bbox 760 659 785 714; x_wconf 91' lang='lat' dir='ltr'><strong>si</strong></span> <span class='ocrx_word' id='word_1_32' title='bbox 810 659 902 717; x_wconf 91' lang='lat' dir='ltr'><strong>Caroli</strong></span> <span class='ocrx_word' id='word_1_33' title='bbox 925 660 1105 731; x_wconf 88' lang='lat' dir='ltr'><strong>Imperatoris</strong></span> <span class='ocrx_word' id='word_1_34' title='bbox 1131 662 1182 716; x_wconf 90' lang='lat' dir='ltr'><strong>aut</strong></span> <span class='ocrx_word' id='word_1_35' title='bbox 1206 661 1325 718; x_wconf 89' lang='lat' dir='ltr'><strong>consilio</strong></span> <span class='ocrx_word' id='word_1_36' title='bbox 1351 666 1403 717; x_wconf 88' lang='lat' dir='ltr'><strong>aut</strong></span> 
     </span>
     <span class='ocr_line' id='line_1_5' title="bbox 253 748 1402 819; baseline 0.001 -16"><span class='ocrx_word' id='word_1_37' title='bbox 253 751 342 817; x_wconf 90' lang='lat' dir='ltr'><strong>iussu,</strong></span> <span class='ocrx_word' id='word_1_38' title='bbox 369 750 400 805; x_wconf 90' lang='lat' dir='ltr'><strong>id</strong></span> <span class='ocrx_word' id='word_1_39' title='bbox 421 749 497 819; x_wconf 90' lang='lat' dir='ltr'><strong>quod</strong></span> <span class='ocrx_word' id='word_1_40' title='bbox 516 749 643 819; x_wconf 83' lang='lat' dir='ltr'>plerique</span> <span class='ocrx_word' id='word_1_41' title='bbox 662 750 850 819; x_wconf 88' lang='lat' dir='ltr'><strong>suspicantur,</strong></span> <span class='ocrx_word' id='word_1_42' title='bbox 879 751 940 804; x_wconf 91' lang='lat' dir='ltr'><strong>tam</strong></span> <span class='ocrx_word' id='word_1_43' title='bbox 959 751 1067 805; x_wconf 76' lang='lat' dir='ltr'><strong>atroces</strong></span> <span class='ocrx_word' id='word_1_44' title='bbox 1087 750 1236 804; x_wconf 71' lang='lat' dir='ltr'>suscitavit</span> <span class='ocrx_word' id='word_1_45' title='bbox 1254 748 1402 819; x_wconf 88' lang='lat' dir='ltr'><strong>tumultus,</strong></span> 
     </span>
     <span class='ocr_line' id='line_1_6' title="bbox 252 837 1401 908; baseline 0.002 -15"><span class='ocrx_word' id='word_1_46' title='bbox 252 838 369 894; x_wconf 88' lang='lat' dir='ltr'><strong>habebit</strong></span> <span class='ocrx_word' id='word_1_47' title='bbox 391 839 511 894; x_wconf 85' lang='lat' dir='ltr'><strong>fortasse</strong></span> <span class='ocrx_word' id='word_1_48' title='bbox 543 855 598 908; x_wconf 92' lang='lat' dir='ltr'><strong>quo</strong></span> <span class='ocrx_word' id='word_1_49' title='bbox 622 855 683 894; x_wconf 89' lang='lat' dir='ltr'><strong>sese</strong></span> <span class='ocrx_word' id='word_1_50' title='bbox 710 838 834 906; x_wconf 65' lang='lat' dir='ltr'><strong>tuentum</strong></span> <span class='ocrx_word' id='word_1_51' title='bbox 863 840 894 893; x_wconf 89' lang='lat' dir='ltr'><strong>at</strong></span> <span class='ocrx_word' id='word_1_52' title='bbox 911 839 935 893; x_wconf 91' lang='lat' dir='ltr'><strong>si</strong></span> <span class='ocrx_word' id='word_1_53' title='bbox 954 837 1011 893; x_wconf 91' lang='lat' dir='ltr'><strong>suis</strong></span> <span class='ocrx_word' id='word_1_54' title='bbox 1029 838 1090 908; x_wconf 89' lang='lat' dir='ltr'><strong>ipse</strong></span> <span class='ocrx_word' id='word_1_55' title='bbox 1109 837 1243 908; x_wconf 78' lang='lat' dir='ltr'><strong>auspiciis</strong></span> <span class='ocrx_word' id='word_1_56' title='bbox 1261 857 1323 894; x_wconf 89' lang='lat' dir='ltr'><strong>rem</strong></span> <span class='ocrx_word' id='word_1_57' title='bbox 1341 840 1401 895; x_wconf 84' lang='lat' dir='ltr'><strong>tam</strong></span> 
     </span>
     <span class='ocr_line' id='line_1_7' title="bbox 251 926 1401 999; baseline 0.002 -17"><span class='ocrx_word' id='word_1_58' title='bbox 251 928 369 982; x_wconf 88' lang='lat' dir='ltr'><strong>arduam</strong></span> <span class='ocrx_word' id='word_1_59' title='bbox 387 944 421 983; x_wconf 88' lang='lat' dir='ltr'><strong>ae</strong></span> <span class='ocrx_word' id='word_1_60' title='bbox 440 926 603 983; x_wconf 75' lang='lat' dir='ltr'><strong>seditiosam</strong></span> <span class='ocrx_word' id='word_1_61' title='bbox 624 928 732 981; x_wconf 87' lang='lat' dir='ltr'><strong>tentare</strong></span> <span class='ocrx_word' id='word_1_62' title='bbox 750 926 806 980; x_wconf 91' lang='lat' dir='ltr'><strong>fuit</strong></span> <span class='ocrx_word' id='word_1_63' title='bbox 824 944 920 996; x_wconf 83' lang='lat' dir='ltr'><strong>ansus,</strong></span> <span class='ocrx_word' id='word_1_64' title='bbox 945 927 1028 982; x_wconf 90' lang='lat' dir='ltr'><strong>deum</strong></span> <span class='ocrx_word' id='word_1_65' title='bbox 1047 926 1119 981; x_wconf 90' lang='lat' dir='ltr'><strong>mihi</strong></span> <span class='ocrx_word' id='word_1_66' title='bbox 1137 927 1242 983; x_wconf 88' lang='lat' dir='ltr'><strong>iratum</strong></span> <span class='ocrx_word' id='word_1_67' title='bbox 1260 928 1401 999; x_wconf 79' lang='lat' dir='ltr'><strong>inprecor,</strong></span> 
     </span>
     <span class='ocr_line' id='line_1_8' title="bbox 250 1015 1403 1087; baseline 0.004 -17"><span class='ocrx_word' id='word_1_68' title='bbox 250 1016 306 1071; x_wconf 88' lang='lat' dir='ltr'><strong>nisi</strong></span> <span class='ocrx_word' id='word_1_69' title='bbox 324 1017 395 1072; x_wconf 88' lang='lat' dir='ltr'><strong>haec</strong></span> <span class='ocrx_word' id='word_1_70' title='bbox 414 1016 547 1084; x_wconf 87' lang='lat' dir='ltr'><strong>scintilla,</strong></span> <span class='ocrx_word' id='word_1_71' title='bbox 560 1018 625 1071; x_wconf 83' lang='lat' dir='ltr'><strong>tarn</strong></span> <span class='ocrx_word' id='word_1_72' title='bbox 644 1033 729 1086; x_wconf 83' lang='lat' dir='ltr'><strong>parvo</strong></span> <span class='ocrx_word' id='word_1_73' title='bbox 749 1015 830 1071; x_wconf 91' lang='lat' dir='ltr'><strong>initio</strong></span> <span class='ocrx_word' id='word_1_74' title='bbox 849 1018 955 1087; x_wconf 70' lang='lat' dir='ltr'><strong>coorta,</strong></span> <span class='ocrx_word' id='word_1_75' title='bbox 973 1016 1132 1072; x_wconf 85' lang='lat' dir='ltr'><strong>incendium</strong></span> <span class='ocrx_word' id='word_1_76' title='bbox 1153 1017 1344 1074; x_wconf 74' lang='lat' dir='ltr'><strong>vasfissimum</strong></span> <span class='ocrx_word' id='word_1_77' title='bbox 1364 1020 1403 1075; x_wconf 89' lang='lat' dir='ltr'><strong>sit</strong></span> 
     </span>
     <span class='ocr_line' id='line_1_9' title="bbox 198 1104 1401 1177; baseline 0.005 -21"><span class='ocrx_word' id='word_1_78' title='bbox 198 1119 237 1156; x_wconf 78' lang='lat' dir='ltr'><strong>roo</strong></span> <span class='ocrx_word' id='word_1_79' title='bbox 252 1106 404 1177; x_wconf 86' lang='lat' dir='ltr'><strong>aliquando</strong></span> <span class='ocrx_word' id='word_1_80' title='bbox 424 1105 560 1176; x_wconf 90' lang='lat' dir='ltr'><strong>paritura;</strong></span> <span class='ocrx_word' id='word_1_81' title='bbox 582 1104 655 1161; x_wconf 91' lang='lat' dir='ltr'><strong>solet</strong></span> <span class='ocrx_word' id='word_1_82' title='bbox 673 1104 756 1174; x_wconf 90' lang='lat' dir='ltr'><strong>enim,</strong></span> <span class='ocrx_word' id='word_1_83' title='bbox 775 1105 824 1174; x_wconf 95' lang='lat' dir='ltr'><strong>qui</strong></span> <span class='ocrx_word' id='word_1_84' title='bbox 842 1106 935 1160; x_wconf 83' lang='lat' dir='ltr'><strong>furnus</strong></span> <span class='ocrx_word' id='word_1_85' title='bbox 950 1122 1011 1160; x_wconf 89' lang='lat' dir='ltr'><strong>esse</strong></span> <span class='ocrx_word' id='word_1_86' title='bbox 1026 1105 1128 1176; x_wconf 89' lang='lat' dir='ltr'><strong>coepit,</strong></span> <span class='ocrx_word' id='word_1_87' title='bbox 1147 1105 1225 1162; x_wconf 89' lang='lat' dir='ltr'><strong>illico</strong></span> <span class='ocrx_word' id='word_1_88' title='bbox 1240 1107 1315 1177; x_wconf 89' lang='lat' dir='ltr'><strong>ignis</strong></span> <span class='ocrx_word' id='word_1_89' title='bbox 1328 1108 1401 1176; x_wconf 89' lang='lat' dir='ltr'><strong>fieri,</strong></span> 
     </span>
     <span class='ocr_line' id='line_1_10' title="bbox 251 1193 1402 1266; baseline 0 -14"><span class='ocrx_word' id='word_1_90' title='bbox 251 1195 363 1252; x_wconf 84' lang='lat' dir='ltr'><strong>attalia</strong></span> <span class='ocrx_word' id='word_1_91' title='bbox 383 1195 471 1266; x_wconf 89' lang='lat' dir='ltr'><strong>ignis,</strong></span> <span class='ocrx_word' id='word_1_92' title='bbox 490 1195 539 1264; x_wconf 94' lang='lat' dir='ltr'><strong>qui</strong></span> <span class='ocrx_word' id='word_1_93' title='bbox 557 1193 696 1265; x_wconf 87' lang='lat' dir='ltr'><strong>paulatim</strong></span> <span class='ocrx_word' id='word_1_94' title='bbox 715 1194 839 1264; x_wconf 87' lang='lat' dir='ltr'><strong>irrepens</strong></span> <span class='ocrx_word' id='word_1_95' title='bbox 857 1213 914 1250; x_wconf 91' lang='lat' dir='ltr'><strong>non</strong></span> <span class='ocrx_word' id='word_1_96' title='bbox 933 1195 1115 1265; x_wconf 73' lang='lat' dir='ltr'><strong>extinguatur</strong></span> <span class='ocrx_word' id='word_1_97' title='bbox 1132 1194 1231 1264; x_wconf 71' lang='lat' dir='ltr'><strong>facilc,</strong></span> <span class='ocrx_word' id='word_1_98' title='bbox 1250 1196 1323 1251; x_wconf 90' lang='lat' dir='ltr'><strong>solet</strong></span> <span class='ocrx_word' id='word_1_99' title='bbox 1343 1215 1402 1252; x_wconf 83' lang='lat' dir='ltr'><strong>ma·</strong></span> 
     </span>
     <span class='ocr_line' id='line_1_11' title="bbox 250 1283 1401 1356; baseline 0.003 -19"><span class='ocrx_word' id='word_1_100' title='bbox 250 1285 321 1354; x_wconf 91' lang='lat' dir='ltr'><strong>lum,</strong></span> <span class='ocrx_word' id='word_1_101' title='bbox 351 1285 427 1356; x_wconf 92' lang='lat' dir='ltr'><strong>quod</strong></span> <span class='ocrx_word' id='word_1_102' title='bbox 450 1286 486 1340; x_wconf 91' lang='lat' dir='ltr'><strong>ab</strong></span> <span class='ocrx_word' id='word_1_103' title='bbox 510 1285 592 1341; x_wconf 89' lang='lat' dir='ltr'><strong>initio</strong></span> <span class='ocrx_word' id='word_1_104' title='bbox 611 1288 670 1339; x_wconf 88' lang='lat' dir='ltr'><strong>tam</strong></span> <span class='ocrx_word' id='word_1_105' title='bbox 688 1284 750 1339; x_wconf 88' lang='lat' dir='ltr'><strong>leve</strong></span> <span class='ocrx_word' id='word_1_106' title='bbox 768 1284 980 1355; x_wconf 74' lang='lat' dir='ltr'><strong>negligebatur,</strong></span> <span class='ocrx_word' id='word_1_107' title='bbox 1009 1284 1032 1338; x_wconf 92' lang='lat' dir='ltr'><strong>si</strong></span> <span class='ocrx_word' id='word_1_108' title='bbox 1052 1285 1091 1338; x_wconf 90' lang='lat' dir='ltr'><strong>sit</strong></span> <span class='ocrx_word' id='word_1_109' title='bbox 1108 1287 1235 1352; x_wconf 90' lang='lat' dir='ltr'><strong>auctum,</strong></span> <span class='ocrx_word' id='word_1_110' title='bbox 1263 1283 1294 1339; x_wconf 90' lang='lat' dir='ltr'><strong>in</strong></span> <span class='ocrx_word' id='word_1_111' title='bbox 1311 1303 1401 1356; x_wconf 85' lang='lat' dir='ltr'><strong>grave</strong></span> 
     </span>
     <span class='ocr_line' id='line_1_12' title="bbox 251 1371 1398 1443; baseline -0.002 -13"><span class='ocrx_word' id='word_1_112' title='bbox 251 1373 428 1430; x_wconf 75' lang='lat' dir='ltr'><strong>Christianae</strong></span> <span class='ocrx_word' id='word_1_113' title='bbox 451 1372 667 1442; x_wconf 72' lang='lat' dir='ltr'><strong>tranquillitatis</strong></span> <span class='ocrx_word' id='word_1_114' title='bbox 691 1371 868 1443; x_wconf 85' lang='lat' dir='ltr'><strong>dispendium</strong></span> <span class='ocrx_word' id='word_1_115' title='bbox 890 1389 1036 1443; x_wconf 83' lang='lat' dir='ltr'><strong>erumpere</strong></span> <span class='ocrx_word' id='word_1_116' title='bbox 1064 1373 1185 1427; x_wconf 82' lang='lat' dir='ltr'><strong>tandem.</strong></span> <span class='ocrx_word' id='word_1_117' title='bbox 1225 1373 1298 1440; x_wconf 84' lang='lat' dir='ltr'><strong>Qum</strong></span> <span class='ocrx_word' id='word_1_118' title='bbox 1326 1374 1398 1430; x_wconf 90' lang='lat' dir='ltr'><strong>haec</strong></span> 
     </span>
     <span class='ocr_line' id='line_1_13' title="bbox 251 1461 1401 1532; baseline -0.001 -13"><span class='ocrx_word' id='word_1_119' title='bbox 251 1468 279 1519; x_wconf 89' lang='lat' dir='ltr'><strong>et</strong></span> <span class='ocrx_word' id='word_1_120' title='bbox 297 1463 355 1518; x_wconf 90' lang='lat' dir='ltr'><strong>alia</strong></span> <span class='ocrx_word' id='word_1_121' title='bbox 372 1463 477 1519; x_wconf 87' lang='lat' dir='ltr'><strong>tacitus</strong></span> <span class='ocrx_word' id='word_1_122' title='bbox 495 1464 663 1532; x_wconf 90' lang='lat' dir='ltr'><strong>quandoque</strong></span> <span class='ocrx_word' id='word_1_123' title='bbox 681 1479 790 1517; x_wconf 89' lang='lat' dir='ltr'><strong>mecum</strong></span> <span class='ocrx_word' id='word_1_124' title='bbox 804 1463 865 1532; x_wconf 90' lang='lat' dir='ltr'><strong>ipse</strong></span> <span class='ocrx_word' id='word_1_125' title='bbox 879 1461 983 1532; x_wconf 89' lang='lat' dir='ltr'><strong>cogito,</strong></span> <span class='ocrx_word' id='word_1_126' title='bbox 1002 1462 1079 1517; x_wconf 89' lang='lat' dir='ltr'><strong>soleo</strong></span> <span class='ocrx_word' id='word_1_127' title='bbox 1094 1462 1278 1517; x_wconf 80' lang='lat' dir='ltr'><strong>vehementer</strong></span> <span class='ocrx_word' id='word_1_128' title='bbox 1292 1463 1401 1531; x_wconf 87' lang='lat' dir='ltr'><strong>mirari,</strong></span> 
     </span>
     <span class='ocr_line' id='line_1_14' title="bbox 250 1550 1400 1622; baseline 0.001 -15"><span class='ocrx_word' id='word_1_129' title='bbox 250 1571 302 1622; x_wconf 90' lang='lat' dir='ltr'><strong>qur</strong></span> <span class='ocrx_word' id='word_1_130' title='bbox 320 1553 444 1621; x_wconf 85' lang='lat' dir='ltr'><strong>reliquae</strong></span> <span class='ocrx_word' id='word_1_131' title='bbox 464 1551 630 1607; x_wconf 81' lang='lat' dir='ltr'><strong>Germaniae</strong></span> <span class='ocrx_word' id='word_1_132' title='bbox 649 1553 678 1605; x_wconf 89' lang='lat' dir='ltr'><strong>et</strong></span> <span class='ocrx_word' id='word_1_133' title='bbox 696 1551 826 1606; x_wconf 85' lang='lat' dir='ltr'><strong>civitates</strong></span> <span class='ocrx_word' id='word_1_134' title='bbox 846 1554 875 1607; x_wconf 92' lang='lat' dir='ltr'><strong>et</strong></span> <span class='ocrx_word' id='word_1_135' title='bbox 893 1550 1034 1622; x_wconf 89' lang='lat' dir='ltr'><strong>principes</strong></span> <span class='ocrx_word' id='word_1_136' title='bbox 1057 1568 1113 1607; x_wconf 90' lang='lat' dir='ltr'><strong>non</strong></span> <span class='ocrx_word' id='word_1_137' title='bbox 1136 1551 1210 1606; x_wconf 90' lang='lat' dir='ltr'><strong>idem</strong></span> <span class='ocrx_word' id='word_1_138' title='bbox 1228 1554 1259 1608; x_wconf 92' lang='lat' dir='ltr'><strong>in</strong></span> <span class='ocrx_word' id='word_1_139' title='bbox 1279 1553 1338 1607; x_wconf 90' lang='lat' dir='ltr'><strong>suis</strong></span> <span class='ocrx_word' id='word_1_140' title='bbox 1359 1569 1400 1608; x_wconf 89' lang='lat' dir='ltr'><strong>re-</strong></span> 
     </span>
     <span class='ocr_line' id='line_1_15' title="bbox 250 1639 1398 1713; baseline 0 -17"><span class='ocrx_word' id='word_1_141' title='bbox 250 1641 388 1713; x_wconf 89' lang='lat' dir='ltr'><strong>gionibus,</strong></span> <span class='ocrx_word' id='word_1_142' title='bbox 407 1642 482 1711; x_wconf 94' lang='lat' dir='ltr'><strong>quod</strong></span> <span class='ocrx_word' id='word_1_143' title='bbox 502 1641 606 1696; x_wconf 81' lang='lat' dir='ltr'><strong>Elvetii</strong></span> <span class='ocrx_word' id='word_1_144' title='bbox 623 1640 754 1711; x_wconf 88' lang='lat' dir='ltr'><strong>populari</strong></span> <span class='ocrx_word' id='word_1_145' title='bbox 772 1643 882 1695; x_wconf 87' lang='lat' dir='ltr'><strong>tanturn</strong></span> <span class='ocrx_word' id='word_1_146' title='bbox 901 1640 967 1695; x_wconf 80' lang='lat' dir='ltr'><strong>freti</strong></span> <span class='ocrx_word' id='word_1_147' title='bbox 986 1640 1105 1696; x_wconf 90' lang='lat' dir='ltr'><strong>consilio</strong></span> <span class='ocrx_word' id='word_1_148' title='bbox 1124 1639 1154 1694; x_wconf 93' lang='lat' dir='ltr'><strong>in</strong></span> <span class='ocrx_word' id='word_1_149' title='bbox 1173 1657 1224 1695; x_wconf 92' lang='lat' dir='ltr'><strong>sua</strong></span> <span class='ocrx_word' id='word_1_150' title='bbox 1241 1643 1319 1696; x_wconf 87' lang='lat' dir='ltr'><strong>terra</strong></span> <span class='ocrx_word' id='word_1_151' title='bbox 1339 1642 1398 1696; x_wconf 89' lang='lat' dir='ltr'><strong>fau-</strong></span> 
     </span>
     <span class='ocr_line' id='line_1_16' title="bbox 249 1728 1399 1801; baseline 0.002 -17"><span class='ocrx_word' id='word_1_152' title='bbox 249 1731 331 1786; x_wconf 91' lang='lat' dir='ltr'><strong>stiter</strong></span> <span class='ocrx_word' id='word_1_153' title='bbox 352 1733 512 1801; x_wconf 80' lang='lat' dir='ltr'><strong>praestant3</strong></span> <span class='ocrx_word' id='word_1_154' title='bbox 537 1734 567 1786; x_wconf 90' lang='lat' dir='ltr'><strong>at</strong></span> <span class='ocrx_word' id='word_1_155' title='bbox 585 1730 639 1800; x_wconf 91' lang='lat' dir='ltr'><strong>ipsi</strong></span> <span class='ocrx_word' id='word_1_156' title='bbox 658 1730 724 1784; x_wconf 90' lang='lat' dir='ltr'><strong>dum</strong></span> <span class='ocrx_word' id='word_1_157' title='bbox 742 1728 858 1800; x_wconf 87' lang='lat' dir='ltr'><strong>publica</strong></span> <span class='ocrx_word' id='word_1_158' title='bbox 876 1731 976 1785; x_wconf 89' lang='lat' dir='ltr'><strong>curant</strong></span> <span class='ocrx_word' id='word_1_159' title='bbox 995 1729 1154 1795; x_wconf 87' lang='lat' dir='ltr'><strong>commoda,</strong></span> <span class='ocrx_word' id='word_1_160' title='bbox 1173 1730 1399 1799; x_wconf 89' lang='lat' dir='ltr'><strong>rempublicam</strong></span> 
     </span>
     <span class='ocr_line' id='line_1_17' title="bbox 249 1817 1399 1891; baseline -0.001 -16"><span class='ocrx_word' id='word_1_161' title='bbox 249 1820 354 1875; x_wconf 84' lang='lat' dir='ltr'><strong>habent</strong></span> <span class='ocrx_word' id='word_1_162' title='bbox 372 1822 515 1890; x_wconf 76' lang='lat' dir='ltr'><strong>pacatam3</strong></span> <span class='ocrx_word' id='word_1_163' title='bbox 543 1837 594 1875; x_wconf 91' lang='lat' dir='ltr'><strong>nos</strong></span> <span class='ocrx_word' id='word_1_164' title='bbox 618 1818 735 1889; x_wconf 84' lang='lat' dir='ltr'><strong>privatis</strong></span> <span class='ocrx_word' id='word_1_165' title='bbox 753 1820 863 1874; x_wconf 88' lang='lat' dir='ltr'><strong>tanturn</strong></span> <span class='ocrx_word' id='word_1_166' title='bbox 883 1818 1025 1874; x_wconf 86' lang='lat' dir='ltr'><strong>inhiantes</strong></span> <span class='ocrx_word' id='word_1_167' title='bbox 1043 1836 1096 1874; x_wconf 91' lang='lat' dir='ltr'><strong>nec</strong></span> <span class='ocrx_word' id='word_1_168' title='bbox 1114 1817 1228 1888; x_wconf 88' lang='lat' dir='ltr'><strong>publico</strong></span> <span class='ocrx_word' id='word_1_169' title='bbox 1260 1837 1314 1875; x_wconf 84' lang='lat' dir='ltr'><strong>nec</strong></span> <span class='ocrx_word' id='word_1_170' title='bbox 1344 1820 1399 1891; x_wconf 91' lang='lat' dir='ltr'><strong>pri-</strong></span> 
     </span>
     <span class='ocr_line' id='line_1_18' title="bbox 248 1906 1397 1979; baseline -0.002 -15"><span class='ocrx_word' id='word_1_171' title='bbox 248 1912 313 1965; x_wconf 78' lang='lat' dir='ltr'><strong>vato</strong></span> <span class='ocrx_word' id='word_1_172' title='bbox 333 1910 451 1965; x_wconf 85' lang='lat' dir='ltr'><strong>fruimur</strong></span> <span class='ocrx_word' id='word_1_173' title='bbox 468 1908 537 1965; x_wconf 88' lang='lat' dir='ltr'><strong>satis</strong></span> <span class='ocrx_word' id='word_1_174' title='bbox 557 1908 710 1964; x_wconf 88' lang='lat' dir='ltr'><strong>commode.</strong></span> <span class='ocrx_word' id='word_1_175' title='bbox 746 1908 804 1964; x_wconf 85' lang='lat' dir='ltr'><strong>Aut</strong></span> <span class='ocrx_word' id='word_1_176' title='bbox 822 1925 874 1978; x_wconf 88' lang='lat' dir='ltr'><strong>ego</strong></span> <span class='ocrx_word' id='word_1_177' title='bbox 894 1907 1029 1978; x_wconf 89' lang='lat' dir='ltr'><strong>mentior,</strong></span> <span class='ocrx_word' id='word_1_178' title='bbox 1049 1906 1203 1977; x_wconf 87' lang='lat' dir='ltr'><strong>Bilibalde,</strong></span> <span class='ocrx_word' id='word_1_179' title='bbox 1221 1912 1272 1963; x_wconf 88' lang='lat' dir='ltr'><strong>aut</strong></span> <span class='ocrx_word' id='word_1_180' title='bbox 1290 1909 1397 1979; x_wconf 88' lang='lat' dir='ltr'><strong>aliquis</strong></span> 
     </span>
     <span class='ocr_line' id='line_1_19' title="bbox 248 1997 1397 2071; baseline -0.002 -16"><span class='ocrx_word' id='word_1_181' title='bbox 248 2003 338 2055; x_wconf 88' lang='lat' dir='ltr'><strong>malus</strong></span> <span class='ocrx_word' id='word_1_182' title='bbox 362 1999 460 2071; x_wconf 89' lang='lat' dir='ltr'><strong>genius</strong></span> <span class='ocrx_word' id='word_1_183' title='bbox 483 2001 554 2056; x_wconf 90' lang='lat' dir='ltr'><strong>bene</strong></span> <span class='ocrx_word' id='word_1_184' title='bbox 578 1999 762 2054; x_wconf 85' lang='lat' dir='ltr'><strong>concordibus</strong></span> <span class='ocrx_word' id='word_1_185' title='bbox 785 1997 887 2053; x_wconf 88' lang='lat' dir='ltr'><strong>animis</strong></span> <span class='ocrx_word' id='word_1_186' title='bbox 911 1998 1000 2054; x_wconf 90' lang='lat' dir='ltr'><strong>iratus</strong></span> <span class='ocrx_word' id='word_1_187' title='bbox 1027 2000 1101 2053; x_wconf 90' lang='lat' dir='ltr'><strong>hunc</strong></span> <span class='ocrx_word' id='word_1_188' title='bbox 1127 2015 1283 2052; x_wconf 89' lang='lat' dir='ltr'><strong>amarorem</strong></span> <span class='ocrx_word' id='word_1_189' title='bbox 1312 1999 1397 2053; x_wconf 90' lang='lat' dir='ltr'><strong>rebus</strong></span> 
     </span>
     <span class='ocr_line' id='line_1_20' title="bbox 247 2087 1399 2159; baseline -0.002 -14"><span class='ocrx_word' id='word_1_190' title='bbox 247 2089 377 2145; x_wconf 87' lang='lat' dir='ltr'><strong>humanis</strong></span> <span class='ocrx_word' id='word_1_191' title='bbox 395 2089 525 2145; x_wconf 86' lang='lat' dir='ltr'><strong>infundit.</strong></span> <span class='ocrx_word' id='word_1_192' title='bbox 564 2088 619 2144; x_wconf 85' lang='lat' dir='ltr'><strong>Sed</strong></span> <span class='ocrx_word' id='word_1_193' title='bbox 639 2087 707 2158; x_wconf 89' lang='lat' dir='ltr'><strong>quid</strong></span> <span class='ocrx_word' id='word_1_194' title='bbox 726 2087 750 2143; x_wconf 90' lang='lat' dir='ltr'><strong>si</strong></span> <span class='ocrx_word' id='word_1_195' title='bbox 768 2087 879 2159; x_wconf 87' lang='lat' dir='ltr'><strong>flagitia</strong></span> <span class='ocrx_word' id='word_1_196' title='bbox 898 2090 1006 2153; x_wconf 88' lang='lat' dir='ltr'><strong>nostra,</strong></span> <span class='ocrx_word' id='word_1_197' title='bbox 1027 2088 1128 2157; x_wconf 90' lang='lat' dir='ltr'><strong>quibus</strong></span> <span class='ocrx_word' id='word_1_198' title='bbox 1148 2089 1236 2143; x_wconf 89' lang='lat' dir='ltr'><strong>Deum</strong></span> <span class='ocrx_word' id='word_1_199' title='bbox 1256 2087 1399 2156; x_wconf 88' lang='lat' dir='ltr'><strong>quottidie</strong></span> 
     </span>
     <span class='ocr_line' id='line_1_21' title="bbox 247 2176 1400 2248; baseline -0.001 -15"><span class='ocrx_word' id='word_1_200' title='bbox 247 2178 399 2246; x_wconf 88' lang='lat' dir='ltr'><strong>irritamus,</strong></span> <span class='ocrx_word' id='word_1_201' title='bbox 418 2179 488 2233; x_wconf 88' lang='lat' dir='ltr'><strong>hacc</strong></span> <span class='ocrx_word' id='word_1_202' title='bbox 508 2179 673 2244; x_wconf 87' lang='lat' dir='ltr'><strong>mereantur,</strong></span> <span class='ocrx_word' id='word_1_203' title='bbox 693 2180 722 2232; x_wconf 90' lang='lat' dir='ltr'><strong>et</strong></span> <span class='ocrx_word' id='word_1_204' title='bbox 739 2179 881 2232; x_wconf 88' lang='lat' dir='ltr'><strong>merentur</strong></span> <span class='ocrx_word' id='word_1_205' title='bbox 898 2177 997 2248; x_wconf 90' lang='lat' dir='ltr'><strong>procul</strong></span> <span class='ocrx_word' id='word_1_206' title='bbox 1016 2177 1108 2232; x_wconf 92' lang='lat' dir='ltr'><strong>dnbio.</strong></span> <span class='ocrx_word' id='word_1_207' title='bbox 1142 2176 1241 2245; x_wconf 86' lang='lat' dir='ltr'><strong>Neque</strong></span> <span class='ocrx_word' id='word_1_208' title='bbox 1261 2176 1347 2245; x_wconf 90' lang='lat' dir='ltr'><strong>enim,</strong></span> <span class='ocrx_word' id='word_1_209' title='bbox 1366 2181 1400 2232; x_wconf 91' lang='lat' dir='ltr'><strong>ut</strong></span> 
     </span>
     <span class='ocr_line' id='line_1_22' title="bbox 246 2264 1397 2337; baseline -0.001 -15"><span class='ocrx_word' id='word_1_210' title='bbox 246 2269 364 2322; x_wconf 83' lang='lat' dir='ltr'><strong>Flaccus</strong></span> <span class='ocrx_word' id='word_1_211' title='bbox 377 2267 426 2335; x_wconf 88' lang='lat' dir='ltr'><strong>ait,</strong></span> <span class='ocrx_word' id='word_1_212' title='bbox 441 2283 491 2337; x_wconf 90' lang='lat' dir='ltr'><strong>per</strong></span> <span class='ocrx_word' id='word_1_213' title='bbox 504 2272 631 2322; x_wconf 86' lang='lat' dir='ltr'><strong>nostrum</strong></span> <span class='ocrx_word' id='word_1_214' title='bbox 645 2264 770 2336; x_wconf 91' lang='lat' dir='ltr'><strong>patimur</strong></span> <span class='ocrx_word' id='word_1_215' title='bbox 783 2265 873 2321; x_wconf 90' lang='lat' dir='ltr'><strong>scelus</strong></span> <span class='ocrx_word' id='word_1_216' title='bbox 888 2265 1024 2321; x_wconf 89' lang='lat' dir='ltr'><strong>iracunda</strong></span> <span class='ocrx_word' id='word_1_217' title='bbox 1039 2267 1133 2321; x_wconf 81' lang='lat' dir='ltr'><strong>lovem</strong></span> <span class='ocrx_word' id='word_1_218' title='bbox 1147 2264 1268 2319; x_wconf 87' lang='lat' dir='ltr'><strong>fulmina</strong></span> <span class='ocrx_word' id='word_1_219' title='bbox 1281 2283 1397 2335; x_wconf 89' lang='lat' dir='ltr'><strong>ponere.</strong></span> 
     </span>
     <span class='ocr_line' id='line_1_23' title="bbox 248 2352 1397 2425; baseline -0.002 -13"><span class='ocrx_word' id='word_1_220' title='bbox 248 2356 320 2424; x_wconf 84' lang='lat' dir='ltr'><strong>Quid</strong></span> <span class='ocrx_word' id='word_1_221' title='bbox 339 2356 389 2412; x_wconf 91' lang='lat' dir='ltr'><strong>alii</strong></span> <span class='ocrx_word' id='word_1_222' title='bbox 408 2355 586 2423; x_wconf 87' lang='lat' dir='ltr'><strong>arbitrentur,</strong></span> <span class='ocrx_word' id='word_1_223' title='bbox 607 2354 731 2409; x_wconf 86' lang='lat' dir='ltr'><strong>divinare</strong></span> <span class='ocrx_word' id='word_1_224' title='bbox 750 2372 806 2409; x_wconf 91' lang='lat' dir='ltr'><strong>non</strong></span> <span class='ocrx_word' id='word_1_225' title='bbox 825 2371 946 2425; x_wconf 90' lang='lat' dir='ltr'><strong>possum.</strong></span> <span class='ocrx_word' id='word_1_226' title='bbox 976 2353 1036 2424; x_wconf 83' lang='lat' dir='ltr'><strong>Ego</strong></span> <span class='ocrx_word' id='word_1_227' title='bbox 1055 2356 1123 2424; x_wconf 92' lang='lat' dir='ltr'><strong>puto</strong></span> <span class='ocrx_word' id='word_1_228' title='bbox 1138 2352 1280 2425; x_wconf 85' lang='lat' dir='ltr'><strong>principes</strong></span> <span class='ocrx_word' id='word_1_229' title='bbox 1295 2353 1327 2409; x_wconf 90' lang='lat' dir='ltr'><strong>in</strong></span> <span class='ocrx_word' id='word_1_230' title='bbox 1341 2355 1397 2410; x_wconf 88' lang='lat' dir='ltr'><strong>hoc</strong></span> 
     </span>
     <span class='ocr_line' id='line_1_24' title="bbox 247 2442 1396 2516; baseline -0.002 -15"><span class='ocrx_word' id='word_1_231' title='bbox 247 2447 303 2501; x_wconf 89' lang='lat' dir='ltr'><strong>iam</strong></span> <span class='ocrx_word' id='word_1_232' title='bbox 322 2446 435 2516; x_wconf 88' lang='lat' dir='ltr'><strong>publico</strong></span> <span class='ocrx_word' id='word_1_233' title='bbox 455 2461 606 2514; x_wconf 87' lang='lat' dir='ltr'><strong>congressu</strong></span> <span class='ocrx_word' id='word_1_234' title='bbox 624 2443 694 2498; x_wconf 92' lang='lat' dir='ltr'><strong>nihil</strong></span> <span class='ocrx_word' id='word_1_235' title='bbox 714 2443 879 2511; x_wconf 85' lang='lat' dir='ltr'><strong>omissuros,</strong></span> <span class='ocrx_word' id='word_1_236' title='bbox 907 2461 962 2513; x_wconf 93' lang='lat' dir='ltr'><strong>qno</strong></span> <span class='ocrx_word' id='word_1_237' title='bbox 986 2443 1052 2499; x_wconf 91' lang='lat' dir='ltr'><strong>huic</strong></span> <span class='ocrx_word' id='word_1_238' title='bbox 1075 2445 1135 2498; x_wconf 89' lang='lat' dir='ltr'><strong>tam</strong></span> <span class='ocrx_word' id='word_1_239' title='bbox 1159 2442 1396 2514; x_wconf 85' lang='lat' dir='ltr'><strong>sanguinolentae</strong></span> 
     </span>
    </p>
   </div>
   <div class='ocr_carea' id='block_1_3' title="bbox 193 2531 1398 3051">
    <p class='ocr_par' dir='ltr' id='par_1_3' title="bbox 193 2531 1398 3051">
     <span class='ocr_line' id='line_1_25' title="bbox 246 2531 1398 2606; baseline -0.003 -15"><span class='ocrx_word' id='word_1_240' title='bbox 246 2533 409 2606; x_wconf 76' lang='lat' dir='ltr'><strong>tragoediae</strong></span> <span class='ocrx_word' id='word_1_241' title='bbox 428 2534 511 2588; x_wconf 91' lang='lat' dir='ltr'><strong>finem</strong></span> <span class='ocrx_word' id='word_1_242' title='bbox 530 2533 682 2602; x_wconf 87' lang='lat' dir='ltr'><strong>aliquando</strong></span> <span class='ocrx_word' id='word_1_243' title='bbox 701 2533 856 2603; x_wconf 88' lang='lat' dir='ltr'><strong>imponant,</strong></span> <span class='ocrx_word' id='word_1_244' title='bbox 876 2532 954 2587; x_wconf 90' lang='lat' dir='ltr'><strong>cuius</strong></span> <span class='ocrx_word' id='word_1_245' title='bbox 970 2534 1140 2603; x_wconf 84' lang='lat' dir='ltr'><strong>spectatores</strong></span> <span class='ocrx_word' id='word_1_246' title='bbox 1155 2531 1226 2586; x_wconf 91' lang='lat' dir='ltr'><strong>muti</strong></span> <span class='ocrx_word' id='word_1_247' title='bbox 1241 2533 1327 2587; x_wconf 90' lang='lat' dir='ltr'><strong>nimis</strong></span> <span class='ocrx_word' id='word_1_248' title='bbox 1341 2535 1398 2589; x_wconf 86' lang='lat' dir='ltr'><strong>for·</strong></span> 
     </span>
     <span class='ocr_line' id='line_1_26' title="bbox 246 2620 1396 2694; baseline -0.001 -16"><span class='ocrx_word' id='word_1_249' title='bbox 246 2625 321 2678; x_wconf 87' lang='lat' dir='ltr'><strong>tasse</strong></span> <span class='ocrx_word' id='word_1_250' title='bbox 340 2623 388 2677; x_wconf 91' lang='lat' dir='ltr'><strong>diu</strong></span> <span class='ocrx_word' id='word_1_251' title='bbox 407 2623 581 2677; x_wconf 87' lang='lat' dir='ltr'><strong>exstiterunt.</strong></span> <span class='ocrx_word' id='word_1_252' title='bbox 621 2623 676 2677; x_wconf 90' lang='lat' dir='ltr'><strong>Sed</strong></span> <span class='ocrx_word' id='word_1_253' title='bbox 694 2624 762 2692; x_wconf 89' lang='lat' dir='ltr'><strong>quid</strong></span> <span class='ocrx_word' id='word_1_254' title='bbox 780 2625 859 2677; x_wconf 84' lang='lat' dir='ltr'><strong>tum?</strong></span> <span class='ocrx_word' id='word_1_255' title='bbox 879 2622 902 2675; x_wconf 92' lang='lat' dir='ltr'><strong>si</strong></span> <span class='ocrx_word' id='word_1_256' title='bbox 922 2621 1082 2677; x_wconf 84' lang='lat' dir='ltr'><strong>consultant</strong></span> <span class='ocrx_word' id='word_1_257' title='bbox 1100 2620 1232 2692; x_wconf 81' lang='lat' dir='ltr'><strong>graviter,</strong></span> <span class='ocrx_word' id='word_1_258' title='bbox 1252 2639 1396 2694; x_wconf 80' lang='lat' dir='ltr'><strong>exequan-</strong></span> 
     </span>
     <span class='ocr_line' id='line_1_27' title="bbox 247 2710 1398 2782; baseline 0.002 -17"><span class='ocrx_word' id='word_1_259' title='bbox 247 2714 292 2767; x_wconf 90' lang='lat' dir='ltr'><strong>tur</strong></span> <span class='ocrx_word' id='word_1_260' title='bbox 316 2729 382 2767; x_wconf 87' lang='lat' dir='ltr'><strong>vero</strong></span> <span class='ocrx_word' id='word_1_261' title='bbox 406 2730 556 2781; x_wconf 86' lang='lat' dir='ltr'><strong>nunquam.</strong></span> <span class='ocrx_word' id='word_1_262' title='bbox 595 2712 749 2767; x_wconf 87' lang='lat' dir='ltr'><strong>Concilium</strong></span> <span class='ocrx_word' id='word_1_263' title='bbox 768 2711 915 2781; x_wconf 90' lang='lat' dir='ltr'><strong>indicitur,</strong></span> <span class='ocrx_word' id='word_1_264' title='bbox 940 2711 1073 2766; x_wconf 83' lang='lat' dir='ltr'><strong>statuitur</strong></span> <span class='ocrx_word' id='word_1_265' title='bbox 1090 2711 1182 2779; x_wconf 90' lang='lat' dir='ltr'><strong>locus,</strong></span> <span class='ocrx_word' id='word_1_266' title='bbox 1208 2710 1398 2782; x_wconf 85' lang='lat' dir='ltr'><strong>dispiciuntur</strong></span> 
     </span>
     <span class='ocr_line' id='line_1_28' title="bbox 246 2800 1397 2872; baseline 0.003 -17"><span class='ocrx_word' id='word_1_267' title='bbox 246 2800 365 2872; x_wconf 88' lang='lat' dir='ltr'><strong>singula,</strong></span> <span class='ocrx_word' id='word_1_268' title='bbox 385 2801 414 2856; x_wconf 89' lang='lat' dir='ltr'><strong>et</strong></span> <span class='ocrx_word' id='word_1_269' title='bbox 432 2819 466 2857; x_wconf 90' lang='lat' dir='ltr'><strong>ea</strong></span> <span class='ocrx_word' id='word_1_270' title='bbox 483 2801 595 2872; x_wconf 92' lang='lat' dir='ltr'><strong>quidem</strong></span> <span class='ocrx_word' id='word_1_271' title='bbox 615 2801 723 2856; x_wconf 88' lang='lat' dir='ltr'><strong>solenni</strong></span> <span class='ocrx_word' id='word_1_272' title='bbox 738 2801 858 2871; x_wconf 89' lang='lat' dir='ltr'><strong>quodam</strong></span> <span class='ocrx_word' id='word_1_273' title='bbox 874 2801 938 2871; x_wconf 88' lang='lat' dir='ltr'><strong>ritu,</strong></span> <span class='ocrx_word' id='word_1_274' title='bbox 958 2801 1007 2855; x_wconf 90' lang='lat' dir='ltr'><strong>sed</strong></span> <span class='ocrx_word' id='word_1_275' title='bbox 1021 2800 1087 2856; x_wconf 93' lang='lat' dir='ltr'><strong>dum</strong></span> <span class='ocrx_word' id='word_1_276' title='bbox 1101 2801 1131 2855; x_wconf 90' lang='lat' dir='ltr'><strong>in</strong></span> <span class='ocrx_word' id='word_1_277' title='bbox 1145 2800 1204 2856; x_wconf 87' lang='lat' dir='ltr'><strong>dies</strong></span> <span class='ocrx_word' id='word_1_278' title='bbox 1218 2800 1291 2856; x_wconf 87' lang='lat' dir='ltr'><strong>alius</strong></span> <span class='ocrx_word' id='word_1_279' title='bbox 1306 2800 1397 2858; x_wconf 85' lang='lat' dir='ltr'><strong>alium</strong></span> 
     </span>
     <span class='ocr_line' id='line_1_29' title="bbox 193 2890 1396 2962; baseline 0 -15"><span class='ocrx_word' id='word_1_280' title='bbox 193 2909 231 2949; x_wconf 81' lang='lat' dir='ltr'><strong>aar</strong></span> <span class='ocrx_word' id='word_1_281' title='bbox 246 2894 388 2962; x_wconf 84' lang='lat' dir='ltr'><strong>expectat,</strong></span> <span class='ocrx_word' id='word_1_282' title='bbox 411 2891 477 2946; x_wconf 90' lang='lat' dir='ltr'><strong>dum</strong></span> <span class='ocrx_word' id='word_1_283' title='bbox 496 2890 613 2961; x_wconf 89' lang='lat' dir='ltr'><strong>quisque</strong></span> <span class='ocrx_word' id='word_1_284' title='bbox 632 2890 686 2946; x_wconf 92' lang='lat' dir='ltr'><strong>iter</strong></span> <span class='ocrx_word' id='word_1_285' title='bbox 704 2892 823 2946; x_wconf 87' lang='lat' dir='ltr'><strong>adornat</strong></span> <span class='ocrx_word' id='word_1_286' title='bbox 842 2909 936 2959; x_wconf 91' lang='lat' dir='ltr'><strong>sunm,</strong></span> <span class='ocrx_word' id='word_1_287' title='bbox 959 2891 1026 2945; x_wconf 91' lang='lat' dir='ltr'><strong>dum</strong></span> <span class='ocrx_word' id='word_1_288' title='bbox 1049 2891 1084 2945; x_wconf 88' lang='lat' dir='ltr'><strong>de</strong></span> <span class='ocrx_word' id='word_1_289' title='bbox 1103 2890 1213 2958; x_wconf 86' lang='lat' dir='ltr'><strong>ordine,</strong></span> <span class='ocrx_word' id='word_1_290' title='bbox 1242 2907 1328 2960; x_wconf 91' lang='lat' dir='ltr'><strong>quem</strong></span> <span class='ocrx_word' id='word_1_291' title='bbox 1346 2892 1396 2947; x_wconf 89' lang='lat' dir='ltr'><strong>hic</strong></span> 
     </span>
     <span class='ocr_line' id='line_1_30' title="bbox 246 2977 1396 3051; baseline 0 -16"><span class='ocrx_word' id='word_1_292' title='bbox 246 2984 296 3035; x_wconf 92' lang='lat' dir='ltr'><strong>aut</strong></span> <span class='ocrx_word' id='word_1_293' title='bbox 318 2979 366 3035; x_wconf 90' lang='lat' dir='ltr'><strong>ille</strong></span> <span class='ocrx_word' id='word_1_294' title='bbox 391 2980 562 3035; x_wconf 88' lang='lat' dir='ltr'><strong>consulendo</strong></span> <span class='ocrx_word' id='word_1_295' title='bbox 586 2980 694 3051; x_wconf 87' lang='lat' dir='ltr'><strong>capiat,</strong></span> <span class='ocrx_word' id='word_1_296' title='bbox 723 2980 833 3051; x_wconf 86' lang='lat' dir='ltr'><strong>longior</strong></span> <span class='ocrx_word' id='word_1_297' title='bbox 856 2983 900 3035; x_wconf 91' lang='lat' dir='ltr'><strong>est</strong></span> <span class='ocrx_word' id='word_1_298' title='bbox 922 2979 1101 3049; x_wconf 84' lang='lat' dir='ltr'><strong>disceptatio,</strong></span> <span class='ocrx_word' id='word_1_299' title='bbox 1130 2977 1198 3034; x_wconf 88' lang='lat' dir='ltr'><strong>dum</strong></span> <span class='ocrx_word' id='word_1_300' title='bbox 1220 2977 1286 3034; x_wconf 89' lang='lat' dir='ltr'><strong>hinc</strong></span> <span class='ocrx_word' id='word_1_301' title='bbox 1306 2983 1396 3050; x_wconf 88' lang='lat' dir='ltr'><strong>atque</strong></span> 
     </span>
    </p>
   </div>
   <div class='ocr_carea' id='block_1_4' title="bbox 243 3068 1396 4032">
    <p class='ocr_par' dir='ltr' id='par_1_4' title="bbox 243 3068 1396 4032">
     <span class='ocr_line' id='line_1_31' title="bbox 245 3068 1396 3139; baseline 0.003 -15"><span class='ocrx_word' id='word_1_302' title='bbox 245 3070 310 3124; x_wconf 91' lang='lat' dir='ltr'><strong>hinc</strong></span> <span class='ocrx_word' id='word_1_303' title='bbox 334 3070 363 3123; x_wconf 92' lang='lat' dir='ltr'><strong>in</strong></span> <span class='ocrx_word' id='word_1_304' title='bbox 387 3068 509 3125; x_wconf 85' lang='lat' dir='ltr'><strong>medium</strong></span> <span class='ocrx_word' id='word_1_305' title='bbox 530 3068 696 3136; x_wconf 87' lang='lat' dir='ltr'><strong>consulitur,</strong></span> <span class='ocrx_word' id='word_1_306' title='bbox 725 3069 813 3137; x_wconf 93' lang='lat' dir='ltr'><strong>bona,</strong></span> <span class='ocrx_word' id='word_1_307' title='bbox 840 3069 921 3123; x_wconf 91' lang='lat' dir='ltr'><strong>crede</strong></span> <span class='ocrx_word' id='word_1_308' title='bbox 940 3068 1023 3135; x_wconf 91' lang='lat' dir='ltr'><strong>mihi,</strong></span> <span class='ocrx_word' id='word_1_309' title='bbox 1052 3069 1186 3139; x_wconf 89' lang='lat' dir='ltr'><strong>temporis</strong></span> <span class='ocrx_word' id='word_1_310' title='bbox 1204 3086 1268 3139; x_wconf 89' lang='lat' dir='ltr'><strong>pars</strong></span> <span class='ocrx_word' id='word_1_311' title='bbox 1288 3070 1396 3127; x_wconf 82' lang='lat' dir='ltr'><strong>frustra</strong></span> 
     </span>
     <span class='ocr_line' id='line_1_32' title="bbox 245 3156 1393 3234; baseline 0.003 -21"><span class='ocrx_word' id='word_1_312' title='bbox 245 3159 347 3225; x_wconf 83' lang='lat' dir='ltr'><strong>effluit;</strong></span> <span class='ocrx_word' id='word_1_313' title='bbox 375 3158 477 3213; x_wconf 84' lang='lat' dir='ltr'><strong>cedde</strong></span> <span class='ocrx_word' id='word_1_314' title='bbox 496 3159 550 3213; x_wconf 95' lang='lat' dir='ltr'><strong>hoc</strong></span> <span class='ocrx_word' id='word_1_315' title='bbox 569 3158 651 3228; x_wconf 85' lang='lat' dir='ltr'><strong>plura</strong></span> <span class='ocrx_word' id='word_1_316' title='bbox 669 3176 742 3212; x_wconf 93' lang='lat' dir='ltr'><strong>nunc</strong></span> <span class='ocrx_word' id='word_1_317' title='bbox 761 3176 813 3213; x_wconf 89' lang='lat' dir='ltr'><strong>nec</strong></span> <span class='ocrx_word' id='word_1_318' title='bbox 839 3159 906 3234; x_wconf 89' lang='lat' dir='ltr'><strong>licet</strong></span> <span class='ocrx_word' id='word_1_319' title='bbox 933 3175 985 3212; x_wconf 93' lang='lat' dir='ltr'><strong>nec</strong></span> <span class='ocrx_word' id='word_1_320' title='bbox 1012 3156 1084 3213; x_wconf 90' lang='lat' dir='ltr'><strong>libet</strong></span> <span class='ocrx_word' id='word_1_321' title='bbox 1101 3157 1235 3226; x_wconf 87' lang='lat' dir='ltr'><strong>scribere,</strong></span> <span class='ocrx_word' id='word_1_322' title='bbox 1263 3161 1393 3228; x_wconf 88' lang='lat' dir='ltr'><strong>qnando·</strong></span> 
     </span>
     <span class='ocr_line' id='line_1_33' title="bbox 246 3245 1395 3319; baseline 0.003 -18"><span class='ocrx_word' id='word_1_323' title='bbox 246 3246 361 3315; x_wconf 90' lang='lat' dir='ltr'><strong>quidem</strong></span> <span class='ocrx_word' id='word_1_324' title='bbox 379 3247 430 3300; x_wconf 81' lang='lat' dir='ltr'><strong>illa</strong></span> <span class='ocrx_word' id='word_1_325' title='bbox 448 3245 519 3300; x_wconf 89' lang='lat' dir='ltr'><strong>mihi</strong></span> <span class='ocrx_word' id='word_1_326' title='bbox 537 3246 648 3315; x_wconf 88' lang='lat' dir='ltr'><strong>meique</strong></span> <span class='ocrx_word' id='word_1_327' title='bbox 668 3246 805 3302; x_wconf 90' lang='lat' dir='ltr'><strong>similibus</strong></span> <span class='ocrx_word' id='word_1_328' title='bbox 824 3247 971 3318; x_wconf 86' lang='lat' dir='ltr'><strong>deplorare</strong></span> <span class='ocrx_word' id='word_1_329' title='bbox 989 3251 1109 3316; x_wconf 86' lang='lat' dir='ltr'><strong>tantum,</strong></span> <span class='ocrx_word' id='word_1_330' title='bbox 1128 3247 1260 3302; x_wconf 80' lang='lat' dir='ltr'><strong>adiurare</strong></span> <span class='ocrx_word' id='word_1_331' title='bbox 1280 3251 1395 3319; x_wconf 89' lang='lat' dir='ltr'><strong>penitus</strong></span> 
     </span>
     <span class='ocr_line' id='line_1_34' title="bbox 245 3334 1395 3409; baseline 0.003 -19"><span class='ocrx_word' id='word_1_332' title='bbox 245 3354 301 3391; x_wconf 92' lang='lat' dir='ltr'><strong>non</strong></span> <span class='ocrx_word' id='word_1_333' title='bbox 321 3334 491 3390; x_wconf 89' lang='lat' dir='ltr'><strong>conceditur.</strong></span> <span class='ocrx_word' id='word_1_334' title='bbox 516 3335 594 3390; x_wconf 88' lang='lat' dir='ltr'><strong>Dens</strong></span> <span class='ocrx_word' id='word_1_335' title='bbox 610 3336 732 3406; x_wconf 89' lang='lat' dir='ltr'><strong>optimus</strong></span> <span class='ocrx_word' id='word_1_336' title='bbox 752 3336 889 3391; x_wconf 86' lang='lat' dir='ltr'><strong>maximus</strong></span> <span class='ocrx_word' id='word_1_337' title='bbox 908 3337 980 3390; x_wconf 87' lang='lat' dir='ltr'><strong>tales</strong></span> <span class='ocrx_word' id='word_1_338' title='bbox 998 3336 1111 3390; x_wconf 90' lang='lat' dir='ltr'><strong>tandem</strong></span> <span class='ocrx_word' id='word_1_339' title='bbox 1131 3335 1298 3393; x_wconf 87' lang='lat' dir='ltr'><strong>Germaniae</strong></span> <span class='ocrx_word' id='word_1_340' title='bbox 1318 3340 1395 3409; x_wconf 90' lang='lat' dir='ltr'><strong>prin·</strong></span> 
     </span>
     <span class='ocr_line' id='line_1_35' title="bbox 246 3424 1395 3497; baseline 0.003 -18"><span class='ocrx_word' id='word_1_341' title='bbox 246 3425 355 3494; x_wconf 86' lang='lat' dir='ltr'><strong>cipibus</strong></span> <span class='ocrx_word' id='word_1_342' title='bbox 374 3424 512 3479; x_wconf 88' lang='lat' dir='ltr'><strong>immittat</strong></span> <span class='ocrx_word' id='word_1_343' title='bbox 529 3426 645 3493; x_wconf 90' lang='lat' dir='ltr'><strong>animos,</strong></span> <span class='ocrx_word' id='word_1_344' title='bbox 665 3428 697 3480; x_wconf 91' lang='lat' dir='ltr'><strong>ut</strong></span> <span class='ocrx_word' id='word_1_345' title='bbox 715 3425 785 3480; x_wconf 91' lang='lat' dir='ltr'><strong>nihil</strong></span> <span class='ocrx_word' id='word_1_346' title='bbox 806 3428 906 3496; x_wconf 85' lang='lat' dir='ltr'><strong>putent</strong></span> <span class='ocrx_word' id='word_1_347' title='bbox 925 3442 984 3480; x_wconf 86' lang='lat' dir='ltr'><strong>esse</strong></span> <span class='ocrx_word' id='word_1_348' title='bbox 1003 3425 1032 3478; x_wconf 92' lang='lat' dir='ltr'><strong>in</strong></span> <span class='ocrx_word' id='word_1_349' title='bbox 1051 3426 1112 3479; x_wconf 87' lang='lat' dir='ltr'><strong>tota</strong></span> <span class='ocrx_word' id='word_1_350' title='bbox 1125 3425 1184 3479; x_wconf 83' lang='lat' dir='ltr'><strong>vita</strong></span> <span class='ocrx_word' id='word_1_351' title='bbox 1198 3428 1395 3497; x_wconf 85' lang='lat' dir='ltr'><strong>perniciosius,</strong></span> 
     </span>
     <span class='ocr_line' id='line_1_36' title="bbox 245 3513 1395 3588; baseline 0.004 -21"><span class='ocrx_word' id='word_1_352' title='bbox 245 3533 327 3583; x_wconf 86' lang='lat' dir='ltr'><strong>quam</strong></span> <span class='ocrx_word' id='word_1_353' title='bbox 348 3513 522 3569; x_wconf 86' lang='lat' dir='ltr'><strong>Christianos</strong></span> <span class='ocrx_word' id='word_1_354' title='bbox 546 3514 665 3585; x_wconf 90' lang='lat' dir='ltr'><strong>populos</strong></span> <span class='ocrx_word' id='word_1_355' title='bbox 689 3516 793 3569; x_wconf 91' lang='lat' dir='ltr'><strong>mutuis</strong></span> <span class='ocrx_word' id='word_1_356' title='bbox 817 3516 891 3570; x_wconf 90' lang='lat' dir='ltr'><strong>inter</strong></span> <span class='ocrx_word' id='word_1_357' title='bbox 910 3532 938 3569; x_wconf 90' lang='lat' dir='ltr'><strong>se</strong></span> <span class='ocrx_word' id='word_1_358' title='bbox 958 3513 1112 3569; x_wconf 88' lang='lat' dir='ltr'><strong>latrociniis</strong></span> <span class='ocrx_word' id='word_1_359' title='bbox 1132 3518 1181 3569; x_wconf 91' lang='lat' dir='ltr'><strong>aut</strong></span> <span class='ocrx_word' id='word_1_360' title='bbox 1198 3517 1282 3571; x_wconf 91' lang='lat' dir='ltr'><strong>bellis</strong></span> <span class='ocrx_word' id='word_1_361' title='bbox 1301 3517 1395 3588; x_wconf 86' lang='lat' dir='ltr'><strong>digla-</strong></span> 
     </span>
     <span class='ocr_line' id='line_1_37' title="bbox 243 3603 1393 3675; baseline 0.003 -16"><span class='ocrx_word' id='word_1_362' title='bbox 243 3605 323 3660; x_wconf 87' lang='lat' dir='ltr'><strong>diari.</strong></span> <span class='ocrx_word' id='word_1_363' title='bbox 361 3603 476 3659; x_wconf 83' lang='lat' dir='ltr'><strong>Interim</strong></span> <span class='ocrx_word' id='word_1_364' title='bbox 500 3622 565 3659; x_wconf 86' lang='lat' dir='ltr'><strong>vero</strong></span> <span class='ocrx_word' id='word_1_365' title='bbox 585 3604 651 3658; x_wconf 91' lang='lat' dir='ltr'><strong>dum</strong></span> <span class='ocrx_word' id='word_1_366' title='bbox 670 3604 721 3660; x_wconf 90' lang='lat' dir='ltr'><strong>illa</strong></span> <span class='ocrx_word' id='word_1_367' title='bbox 739 3607 789 3659; x_wconf 88' lang='lat' dir='ltr'><strong>ant</strong></span> <span class='ocrx_word' id='word_1_368' title='bbox 806 3604 994 3675; x_wconf 81' lang='lat' dir='ltr'><strong>negligentius</strong></span> <span class='ocrx_word' id='word_1_369' title='bbox 1013 3606 1171 3659; x_wconf 83' lang='lat' dir='ltr'><strong>tractantur</strong></span> <span class='ocrx_word' id='word_1_370' title='bbox 1198 3608 1247 3659; x_wconf 89' lang='lat' dir='ltr'><strong>aut</strong></span> <span class='ocrx_word' id='word_1_371' title='bbox 1275 3607 1393 3662; x_wconf 88' lang='lat' dir='ltr'><strong>omnino</strong></span> 
     </span>
     <span class='ocr_line' id='line_1_38' title="bbox 243 3693 1393 3764; baseline 0.003 -17"><span class='ocrx_word' id='word_1_372' title='bbox 243 3694 437 3764; x_wconf 88' lang='lat' dir='ltr'><strong>negliguntur,</strong></span> <span class='ocrx_word' id='word_1_373' title='bbox 455 3693 575 3748; x_wconf 84' lang='lat' dir='ltr'><strong>fortasse</strong></span> <span class='ocrx_word' id='word_1_374' title='bbox 594 3693 682 3749; x_wconf 91' lang='lat' dir='ltr'><strong>bonos</strong></span> <span class='ocrx_word' id='word_1_375' title='bbox 700 3694 845 3749; x_wconf 84' lang='lat' dir='ltr'><strong>naucleros</strong></span> <span class='ocrx_word' id='word_1_376' title='bbox 863 3693 968 3749; x_wconf 90' lang='lat' dir='ltr'><strong>imitari</strong></span> <span class='ocrx_word' id='word_1_377' title='bbox 987 3695 1121 3764; x_wconf 87' lang='lat' dir='ltr'><strong>praestat,</strong></span> <span class='ocrx_word' id='word_1_378' title='bbox 1141 3693 1189 3763; x_wconf 89' lang='lat' dir='ltr'><strong>qui</strong></span> <span class='ocrx_word' id='word_1_379' title='bbox 1204 3697 1393 3764; x_wconf 86' lang='lat' dir='ltr'><strong>posteaquam</strong></span> 
     </span>
     <span class='ocr_line' id='line_1_39' title="bbox 244 3782 1393 3853; baseline 0.003 -17"><span class='ocrx_word' id='word_1_380' title='bbox 244 3801 320 3838; x_wconf 90' lang='lat' dir='ltr'><strong>mare</strong></span> <span class='ocrx_word' id='word_1_381' title='bbox 346 3784 430 3838; x_wconf 90' lang='lat' dir='ltr'><strong>altius</strong></span> <span class='ocrx_word' id='word_1_382' title='bbox 455 3782 575 3853; x_wconf 84' lang='lat' dir='ltr'><strong>ingressi</strong></span> <span class='ocrx_word' id='word_1_383' title='bbox 601 3784 678 3852; x_wconf 87' lang='lat' dir='ltr'><strong>sunt,</strong></span> <span class='ocrx_word' id='word_1_384' title='bbox 707 3787 839 3853; x_wconf 85' lang='lat' dir='ltr'><strong>tanquam</strong></span> <span class='ocrx_word' id='word_1_385' title='bbox 867 3800 901 3837; x_wconf 89' lang='lat' dir='ltr'><strong>ex</strong></span> <span class='ocrx_word' id='word_1_386' title='bbox 927 3782 1041 3852; x_wconf 87' lang='lat' dir='ltr'><strong>specula</strong></span> <span class='ocrx_word' id='word_1_387' title='bbox 1064 3783 1161 3852; x_wconf 89' lang='lat' dir='ltr'><strong>aliqua</strong></span> <span class='ocrx_word' id='word_1_388' title='bbox 1184 3783 1265 3838; x_wconf 87' lang='lat' dir='ltr'><strong>taciti</strong></span> <span class='ocrx_word' id='word_1_389' title='bbox 1289 3788 1393 3840; x_wconf 84' lang='lat' dir='ltr'><strong>ventos</strong></span> 
     </span>
     <span class='ocr_line' id='line_1_40' title="bbox 243 3872 1395 3943; baseline 0.003 -17"><span class='ocrx_word' id='word_1_390' title='bbox 243 3875 495 3943; x_wconf 88' lang='lat' dir='ltr'><strong>tempestatemque</strong></span> <span class='ocrx_word' id='word_1_391' title='bbox 520 3888 649 3926; x_wconf 88' lang='lat' dir='ltr'><strong>sonoram</strong></span> <span class='ocrx_word' id='word_1_392' title='bbox 674 3873 809 3927; x_wconf 87' lang='lat' dir='ltr'><strong>intentius</strong></span> <span class='ocrx_word' id='word_1_393' title='bbox 834 3873 1073 3942; x_wconf 85' lang='lat' dir='ltr'><strong>contemplantur,</strong></span> <span class='ocrx_word' id='word_1_394' title='bbox 1101 3872 1190 3927; x_wconf 90' lang='lat' dir='ltr'><strong>donec</strong></span> <span class='ocrx_word' id='word_1_395' title='bbox 1209 3873 1320 3927; x_wconf 89' lang='lat' dir='ltr'><strong>coelum</strong></span> <span class='ocrx_word' id='word_1_396' title='bbox 1342 3875 1395 3930; x_wconf 86' lang='lat' dir='ltr'><strong>ali·</strong></span> 
     </span>
     <span class='ocr_line' id='line_1_41' title="bbox 244 3961 650 4032; baseline -0.002 -15"><span class='ocrx_word' id='word_1_397' title='bbox 244 3963 319 4032; x_wconf 93' lang='lat' dir='ltr'><strong>quod</strong></span> <span class='ocrx_word' id='word_1_398' title='bbox 338 3963 461 4018; x_wconf 85' lang='lat' dir='ltr'><strong>serenius</strong></span> <span class='ocrx_word' id='word_1_399' title='bbox 479 3961 650 4032; x_wconf 88' lang='lat' dir='ltr'><strong>apparuerit.</strong></span> 
     </span>
    </p>
   </div>
   <div class='ocr_carea' id='block_1_5' title="bbox 242 4103 1395 4535">
    <p class='ocr_par' dir='ltr' id='par_1_5' title="bbox 242 4103 1395 4535">
     <span class='ocr_line' id='line_1_42' title="bbox 314 4103 1393 4178; baseline 0.005 -19"><span class='ocrx_word' id='word_1_400' title='bbox 314 4106 354 4160; x_wconf 89' lang='lat' dir='ltr'><strong>De</strong></span> <span class='ocrx_word' id='word_1_401' title='bbox 369 4108 482 4178; x_wconf 86' lang='lat' dir='ltr'><strong>negotio</strong></span> <span class='ocrx_word' id='word_1_402' title='bbox 498 4109 614 4164; x_wconf 63' lang='lat' dir='ltr'><strong>liutheri</strong></span> <span class='ocrx_word' id='word_1_403' title='bbox 633 4107 680 4162; x_wconf 87' lang='lat' dir='ltr'><strong>vix</strong></span> <span class='ocrx_word' id='word_1_404' title='bbox 698 4106 787 4161; x_wconf 88' lang='lat' dir='ltr'><strong>ausim</strong></span> <span class='ocrx_word' id='word_1_405' title='bbox 806 4103 925 4162; x_wconf 86' lang='lat' dir='ltr'><strong>scribere</strong></span> <span class='ocrx_word' id='word_1_406' title='bbox 945 4123 1016 4177; x_wconf 85' lang='lat' dir='ltr'><strong>quae</strong></span> <span class='ocrx_word' id='word_1_407' title='bbox 1036 4106 1139 4172; x_wconf 65' lang='lat' dir='ltr'><strong>sentior</strong></span> <span class='ocrx_word' id='word_1_408' title='bbox 1157 4105 1200 4161; x_wconf 84' lang='lat' dir='ltr'><strong>ita</strong></span> <span class='ocrx_word' id='word_1_409' title='bbox 1216 4123 1291 4161; x_wconf 89' lang='lat' dir='ltr'><strong>nunc</strong></span> <span class='ocrx_word' id='word_1_410' title='bbox 1309 4107 1393 4164; x_wconf 80' lang='lat' dir='ltr'><strong>vides</strong></span> 
     </span>
     <span class='ocr_line' id='line_1_43' title="bbox 243 4195 1393 4266; baseline 0.003 -16"><span class='ocrx_word' id='word_1_411' title='bbox 243 4213 261 4250; x_wconf 90' lang='lat' dir='ltr'><strong>o</strong></span> <span class='ocrx_word' id='word_1_412' title='bbox 284 4195 424 4266; x_wconf 88' lang='lat' dir='ltr'><strong>plerisque</strong></span> <span class='ocrx_word' id='word_1_413' title='bbox 447 4198 483 4253; x_wconf 89' lang='lat' dir='ltr'><strong>ad</strong></span> <span class='ocrx_word' id='word_1_414' title='bbox 507 4199 676 4253; x_wconf 87' lang='lat' dir='ltr'><strong>calumniam</strong></span> <span class='ocrx_word' id='word_1_415' title='bbox 699 4195 775 4251; x_wconf 89' lang='lat' dir='ltr'><strong>trahi</strong></span> <span class='ocrx_word' id='word_1_416' title='bbox 798 4213 844 4266; x_wconf 88' lang='lat' dir='ltr'><strong>ea,</strong></span> <span class='ocrx_word' id='word_1_417' title='bbox 872 4213 943 4265; x_wconf 88' lang='lat' dir='ltr'><strong>qnae</strong></span> <span class='ocrx_word' id='word_1_418' title='bbox 969 4196 1154 4251; x_wconf 89' lang='lat' dir='ltr'><strong>sincerissimo</strong></span> <span class='ocrx_word' id='word_1_419' title='bbox 1181 4195 1268 4250; x_wconf 89' lang='lat' dir='ltr'><strong>etiam</strong></span> <span class='ocrx_word' id='word_1_420' title='bbox 1294 4197 1393 4253; x_wconf 85' lang='lat' dir='ltr'><strong>animo</strong></span> 
     </span>
     <span class='ocr_line' id='line_1_44' title="bbox 243 4284 1395 4357; baseline 0.006 -20"><span class='ocrx_word' id='word_1_421' title='bbox 243 4288 308 4338; x_wconf 78' lang='lat' dir='ltr'><strong>sunt</strong></span> <span class='ocrx_word' id='word_1_422' title='bbox 331 4290 381 4338; x_wconf 89' lang='lat' dir='ltr'><strong>aut</strong></span> <span class='ocrx_word' id='word_1_423' title='bbox 399 4289 502 4357; x_wconf 86' lang='lat' dir='ltr'><strong>scripta</strong></span> <span class='ocrx_word' id='word_1_424' title='bbox 520 4291 570 4342; x_wconf 89' lang='lat' dir='ltr'><strong>aut</strong></span> <span class='ocrx_word' id='word_1_425' title='bbox 588 4288 676 4357; x_wconf 89' lang='lat' dir='ltr'><strong>dicta,</strong></span> <span class='ocrx_word' id='word_1_426' title='bbox 696 4285 970 4356; x_wconf 84' lang='lat' dir='ltr'><strong>interpretantnrque</strong></span> <span class='ocrx_word' id='word_1_427' title='bbox 989 4285 1018 4339; x_wconf 91' lang='lat' dir='ltr'><strong>in</strong></span> <span class='ocrx_word' id='word_1_428' title='bbox 1036 4301 1098 4340; x_wconf 91' lang='lat' dir='ltr'><strong>eam</strong></span> <span class='ocrx_word' id='word_1_429' title='bbox 1122 4301 1206 4354; x_wconf 85' lang='lat' dir='ltr'><strong>quam</strong></span> <span class='ocrx_word' id='word_1_430' title='bbox 1224 4284 1282 4355; x_wconf 88' lang='lat' dir='ltr'><strong>ipsi</strong></span> <span class='ocrx_word' id='word_1_431' title='bbox 1299 4288 1395 4343; x_wconf 84' lang='lat' dir='ltr'><strong>velint</strong></span> 
     </span>
     <span class='ocr_line' id='line_1_45' title="bbox 243 4373 1394 4446; baseline 0.005 -18"><span class='ocrx_word' id='word_1_432' title='bbox 243 4376 367 4444; x_wconf 82' lang='lat' dir='ltr'><strong>partem,</strong></span> <span class='ocrx_word' id='word_1_433' title='bbox 396 4392 459 4429; x_wconf 90' lang='lat' dir='ltr'><strong>cnm</strong></span> <span class='ocrx_word' id='word_1_434' title='bbox 483 4394 536 4444; x_wconf 93' lang='lat' dir='ltr'><strong>quo</strong></span> <span class='ocrx_word' id='word_1_435' title='bbox 559 4379 653 4433; x_wconf 83' lang='lat' dir='ltr'><strong>tamen</strong></span> <span class='ocrx_word' id='word_1_436' title='bbox 677 4375 822 4432; x_wconf 90' lang='lat' dir='ltr'><strong>hominum</strong></span> <span class='ocrx_word' id='word_1_437' title='bbox 845 4392 947 4445; x_wconf 88' lang='lat' dir='ltr'><strong>genere</strong></span> <span class='ocrx_word' id='word_1_438' title='bbox 969 4391 1024 4429; x_wconf 90' lang='lat' dir='ltr'><strong>non</strong></span> <span class='ocrx_word' id='word_1_439' title='bbox 1049 4392 1157 4445; x_wconf 88' lang='lat' dir='ltr'><strong>pugno,</strong></span> <span class='ocrx_word' id='word_1_440' title='bbox 1185 4373 1243 4429; x_wconf 91' lang='lat' dir='ltr'><strong>sint</strong></span> <span class='ocrx_word' id='word_1_441' title='bbox 1268 4393 1321 4446; x_wconf 89' lang='lat' dir='ltr'><strong>per</strong></span> <span class='ocrx_word' id='word_1_442' title='bbox 1347 4397 1394 4434; x_wconf 77' lang='lat' dir='ltr'><strong>nse</strong></span> 
     </span>
     <span class='ocr_line' id='line_1_46' title="bbox 242 4462 1395 4535; baseline 0.003 -15"><span class='ocrx_word' id='word_1_443' title='bbox 242 4462 393 4534; x_wconf 89' lang='lat' dir='ltr'><strong>unicnique</strong></span> <span class='ocrx_word' id='word_1_444' title='bbox 414 4464 511 4533; x_wconf 86' lang='lat' dir='ltr'><strong>libera,</strong></span> <span class='ocrx_word' id='word_1_445' title='bbox 530 4465 612 4521; x_wconf 92' lang='lat' dir='ltr'><strong>modo</strong></span> <span class='ocrx_word' id='word_1_446' title='bbox 631 4466 716 4534; x_wconf 87' lang='lat' dir='ltr'><strong>recta,</strong></span> <span class='ocrx_word' id='word_1_447' title='bbox 734 4463 846 4520; x_wconf 88' lang='lat' dir='ltr'><strong>indicia.</strong></span> <span class='ocrx_word' id='word_1_448' title='bbox 884 4463 995 4535; x_wconf 89' lang='lat' dir='ltr'><strong>Perlegi</strong></span> <span class='ocrx_word' id='word_1_449' title='bbox 1014 4481 1102 4534; x_wconf 87' lang='lat' dir='ltr'><strong>nuper</strong></span> <span class='ocrx_word' id='word_1_450' title='bbox 1121 4463 1198 4520; x_wconf 90' lang='lat' dir='ltr'><strong>illius</strong></span> <span class='ocrx_word' id='word_1_451' title='bbox 1215 4463 1350 4523; x_wconf 89' lang='lat' dir='ltr'><strong>libellum</strong></span> <span class='ocrx_word' id='word_1_452' title='bbox 1364 4468 1395 4526; x_wconf 89' lang='lat' dir='ltr'><strong>in</strong></span> 
     </span>
    </p>
   </div>
   <div class='ocr_carea' id='block_1_6' title="bbox 0 0 1508 5016">
    <p class='ocr_par' dir='ltr' id='par_1_6' title="bbox 0 0 1508 5016">
     <span class='ocr_line' id='line_1_47' title="bbox 0 0 1508 5016; baseline 0 2"><span class='ocrx_word' id='word_1_453' title='bbox 0 0 1508 5016; x_wconf 95' lang='lat' dir='ltr'><strong> </strong></span> 
     </span>
    </p>
   </div>
  </div>
 </body>
</html>
