2940 5004
249 344 312 407 518
533 357 796 407 eaonneonnva
819 359 867 404 nn
892 355 1104 404 namonrnvs

249 502 480 569 consuetudine
512 524 605 567 aures
635 503 710 567 ilico
741 504 897 585 respuant
927 504 963 564 ut
994 499 1168 584 analogiae
1203 499 1405 565 commenda-

249 612 338 676 tione
369 609 552 675 destitutas.
598 608 741 673 Rursum
772 614 880 673 autem
909 612 959 692 ut,
991 629 1073 692 quae
1109 608 1155 672 sit
1190 630 1273 673 vera
1301 607 1404 672 discri-

250 717 346 782 bandi
365 717 460 800 ratio,
483 715 706 800 investigetur,
724 738 791 781 non
811 718 861 779 est
879 715 1000 779 certius
1019 714 1176 779 indicium
1196 715 1234 778 in
1253 718 1404 799 promptu

250 847 348 909 quam
377 823 462 908 quod
491 844 641 887 versuum
670 844 743 887 cum
772 822 1005 887 sententiarum
1033 822 1153 886 finibus
1184 823 1403 907 exaequando·

249 953 322 995 rum
337 930 474 995 artificio
492 929 685 994 continetur.
723 927 812 1004 Quae
827 929 878 993 lex
894 929 956 992 etsi
968 950 1042 993 non
1061 932 1112 993 est
1130 950 1204 992 eam
1225 929 1262 993 in
1282 935 1402 1012 partem

250 1037 495 1123 interpretanda
523 1036 675 1121 rigidius,
707 1037 799 1120 quasi
831 1058 897 1100 non
928 1035 1105 1100 commodis
1136 1035 1221 1100 loeis
1256 1038 1401 1121 aptisque

251 1145 369 1228 modis,
403 1149 440 1210 ut
467 1144 500 1207 in
531 1143 619 1207 omni
650 1143 755 1227 poesi,
788 1142 835 1206 ita
863 1142 917 1206 hic
944 1164 1069 1227 quoque
1098 1142 1212 1227 aliqua
1244 1164 1284 1208 ex
1315 1150 1401 1228 parte

251 1253 434 1335 discrepare
459 1273 666 1315 numerorum
686 1251 924 1334 verborumque
943 1249 1072 1314 ordines
1092 1249 1274 1333 potuerint,
1297 1256 1400 1317 tamen

252 1358 433 1444 generatim
464 1359 510 1421 sic
542 1357 620 1422 licet
650 1357 712 1422 hoo
743 1377 844 1441 genus
874 1356 1007 1422 definire
1036 1361 1084 1440 ut,
1116 1380 1180 1441 quo
1211 1360 1346 1443 saepius
1372 1367 1400 1424 et

254 1465 477 1530 vehementius
507 1464 687 1529 sententiae
715 1464 846 1529 vinculo
875 1464 977 1549 ligata
1006 1464 1109 1530 oratio
1134 1465 1283 1530 metricis
1308 1488 1398 1531 mem·

228 1558 321 1635 ‘bris
353 1572 554 1654 discerpatur
584 1574 617 1634 et
648 1575 815 1655 tamquam
846 1576 1049 1654 amputetur,
1081 1593 1119 1635 co
1153 1570 1399 1656 improbabilior

254 1678 371 1743 evadat
397 1701 494 1762 quam
523 1699 686 1761 proponas
716 1677 945 1743 distinctorum
969 1679 1054 1742 inter
1076 1700 1111 1743 se
1135 1686 1292 1745 versuum
1317 1703 1396 1746 men·

253 1808 372 1851 suram.
419 1786 528 1869 Atque
551 1785 613 1850 hoc
636 1785 716 1850 illud
740 1789 805 1868 est,
828 1785 861 1849 in
886 1806 949 1869 quo
975 1785 1236 1850 emendationem
1261 1810 1329 1852 non
1351 1788 1398 1852 ad·

254 1892 384 1957 mittere
413 1897 555 1975 tantum,
588 1891 644 1955 sed
672 1892 822 1976 flagitare
850 1891 1126 1963 Hermannianam
1155 1893 1398 1979 discriptionem

254 1999 322 2064 aius
346 1998 463 2063 cantici
487 1998 703 2062 intellexerim
727 1998 811 2081 quod
836 1999 942 2063 estin
966 1999 1156 2064 Trinummo
1182 2023 1202 2064 a
1226 2024 1256 2065 v.
1276 2003 1342 2067 223
1364 2003 1397 2066 ad

254 2106 332 2170 300:
357 2105 443 2190 quod
467 2105 522 2168 ille
545 2105 622 2189 ipse,
646 2106 674 2169 si
693 2106 755 2194 huc
774 2106 954 2189 posteriore
974 2110 1119 2190 tempore
1139 2128 1292 2174 reversus
1312 2113 1399 2192 esset

254 2213 396 2277 dubitari
424 2212 538 2296 nequit
565 2212 642 2296 quin
676 2212 773 2297 longe
804 2212 899 2276 aliter
929 2213 1144 2297 discripturus
1176 2213 1286 2281 fuerit
1333 2216 1399 2280 Ele

254 2323 437 2383 mentorum
461 2318 562 2403 igitur
586 2320 733 2404 exemplo
757 2302 893 2402 discant,
918 2320 1029 2404 quiin
1052 2321 1113 2385 hoe
1136 2342 1259 2406 genere
1283 2323 1400 2408 aliquid

254 2426 370 2492 volunt
400 2426 567 2509 proficere,
601 2431 800 2510 quantopere
830 2432 958 2511 praeter
990 2431 1097 2492 cetera
1129 2428 1192 2493 hoc
1226 2431 1400 2496 cavendum

131 2557 242 2597 ccxcvi
258 2533 310 2615 sit,
333 2554 372 2596 ne
395 2532 429 2596 in
454 2554 603 2597 versuum
623 2534 719 2598 finem
739 2533 815 2598 novi
834 2535 991 2599 enuntiati
1011 2536 1139 2600 initium
1159 2536 1294 2621 incidat,
1317 2561 1400 2623 prae-

254 2640 366 2704 sertim
400 2641 427 2703 si
460 2640 492 2704 id
525 2640 633 2724 aliqua
670 2641 895 2706 coniunctione
929 2641 1039 2727 flata)
1093 2641 1183 2727 Ergo
1218 2646 1401 2711 maturioris

255 2747 447 2832 disciplinae
471 2747 656 2812 auctoritati
677 2769 737 2810 nos
757 2769 885 2832 quoque
905 2749 1205 2832 obsecundavimus‚
1230 2773 1307 2816 cum
1326 2754 1402 2818 tales

254 2863 404 2918 versuum
428 2853 603 2918 divisiones
626 2875 692 2937 non
716 2853 924 2918 toleravimus
949 2855 1059 2939 quales
1083 2857 1143 2921 hae
1167 2857 1273 2924 fuere:

322 2996 373 3062 lta
397 2997 531 3060 faciam:
555 2997 601 3060 ita
624 2996 732 3081 placet
755 2996 809 3060 mi.
842 2997 996 3062 Omnium
1019 2999 1159 3082 primum
1184 3005 1310 3069 amoris

324 3102 414 3167 Artis
439 3104 582 3187 eloquar,
606 3103 875 3186 quemadmodum
899 3106 1084 3189 expediant:
1108 3110 1292 3192 numquam

323 3211 425 3274 Amor
448 3233 650 3294 quemquam,
672 3209 736 3273 nisi
761 3211 911 3294 cupidum
935 3211 1096 3277 hominem
1122 3216 1272 3296 postulat
1298 3241 1334 3282 se

323 3315 475 3381 Conicere
500 3317 533 3380 in
556 3318 671 3402 plagiis
737 3356 776 3361 —-
828 3356 864 3362 κ
921 3356 953 3364 —
1003 3359 1041 3365 ψ
1181 3358 1222 3367 -
1273 3362 1317 3371 —-

324 3416 373 3505 lbi
398 3441 454 3505 ille
479 3443 610 3506 cuculus
633 3464 714 3524 ecee,
739 3443 830 3505 ‹ic-ule
855 3444 907 3525 nri,
931 3440 992 3508 fiat
1015 3449 1048 3509 et

324 3542 411 3631 lstuo
436 3570 469 3629 et
492 3566 519 3630 ai
543 3567 682 3649 amplius
739 3606 778 3611 *—
827 3605 868 3612 —-
921 3607 927 3610 >
932 3606 1319 3619 -----

345 3760 370 3827 *)
396 3759 427 3812 ld
453 3776 516 3813 cnm
542 3758 631 3814 multo
657 3758 748 3828 magis
775 3777 793 3814 a
813 3760 928 3815 senariis
947 3763 1110 3831 abhorreat,
1135 3763 1311 3834 aliquotiens
1331 3773 1408 3825 esta

257 3849 384 3904 Bentleio
402 3848 571 3919 neglectum.
608 3848 695 3903 Velut
712 3849 790 3903 nullo
808 3850 891 3905 modo
913 3856 963 3905 aut
980 3853 1121 3921 particula
1138 3855 1288 3912 terminari
1313 3861 1408 3929 potuit

257 3939 440 3995 Terentianus
459 3954 554 3993 versus
574 3955 657 4008 quem
674 3957 702 4007 p.
722 3954 781 3993 cxx
801 3942 876 4009 [370]
896 3957 994 3996 sanare
1013 3943 1115 3996 studui.
1152 3943 1305 4002 Horridins
1325 3950 1409 4005 etiam

256 4030 285 4083 in
310 4022 344 4085 eo
369 4045 466 4083 versus
490 4029 551 4083 loco
577 4033 602 4083 et
625 4028 749 4083 futurum
776 4029 814 4084 sit
837 4030 882 4084 vel
905 4036 936 4085 ut
962 4031 1008 4085 vel
1032 4049 1072 4087 nc.
1111 4032 1153 4086 Ne
1181 4050 1267 4104 aeque
1295 4038 1409 4106 quidem

256 4118 434 4178 tolerandum
458 4133 517 4172 csse
540 4117 650 4171 ostendi
673 4118 742 4173 Mus.
765 4118 863 4189 philol.
882 4121 902 4173 t.
930 4120 968 4173 Ν
986 4138 1013 4190 p.
1033 4126 1085 4176 582
1105 4123 1150 4191 [=
1171 4122 1273 4192 Opuse.
1295 4128 1367 4197 phil.
1386 4129 1410 4182 Il

256 4226 283 4277 p.
303 4210 376 4275 335}
413 4206 513 4261 Paucis
538 4206 673 4276 exemplis
698 4207 850 4263 admissam
878 4226 938 4264 esse
965 4211 1023 4264 atsi
1050 4209 1173 4278 videtur,
1202 4213 1236 4266 ut
1258 4214 1343 4286 Capt
1364 4218 1411 4284 ΙΙΙ,

258 4304 282 4363 5,
298 4304 343 4352 66:
365 4313 535 4365 quamquam
553 4296 718 4366 plerumque
737 4297 822 4352 dubia
841 4315 885 4352 res
904 4301 955 4352 est.
988 4298 1049 4353 Nisi
1069 4298 1143 4369 quod
1162 4299 1263 4356 Militia
1283 4304 1411 4376 11‚e‚as

259 4389 364 4439 certum
383 4386 427 4438 cst
449 4401 504 4439 non
526 4402 584 4439 esse
608 4401 641 4439 ea
659 4385 799 4455 particula
823 4387 962 4441 senarium
982 4388 1133 4444 finiendum
1156 4406 1221 4443 curn
1247 4391 1413 4452 Hermanno

259 4473 299 4527 El.
319 4474 346 4529 d.
365 4476 444 4530 metr.
464 4492 491 4544 p.
513 4481 571 4527 132.
