2918 5004
275 327 340 391 674
652 339 887 389 nrrnrrrsenu
910 340 1038 389 aunan.

275 487 342 550 sius
367 484 526 569 estquod
550 484 648 550 etiam
672 485 876 550 voluntatem
903 484 1114 568 languescere
1139 484 1254 550 fassus
1279 510 1368 571 sum,
1397 487 1424 552 id

274 592 360 676 quod
383 593 517 657 minime
540 592 574 656 in
598 591 751 676 segniora
768 595 896 655 tantum
916 594 949 655 et
967 590 1140 674 ignaviora
1160 592 1299 678 ingenia
1317 594 1423 659 cadere

274 699 444 783 contendo,
467 699 523 764 sed
547 699 656 783 aliqua
679 720 718 763 ex
742 701 844 781 parte,
867 701 904 762 ut
927 720 1036 762 sumus
1060 697 1229 784 homines,
1253 702 1288 765 in
1312 702 1422 784 omnis,

274 805 374 869 ctiam
403 826 514 869 eorum
545 805 616 889 qui,
651 826 714 888 quo
743 808 889 887 tompore
917 803 950 868 in
973 804 1142 869 iuventute
1166 806 1234 892 ipsi
1258 808 1423 872 constituti

272 911 371 995 fuere,
393 911 622 976 incitatissimo
647 911 754 976 studio
775 914 808 975 et
826 911 951 976 fervore
971 911 1231 996 flagrantissimo
1252 915 1422 980 informan-

273 1018 387 1084 dorum
416 1018 671 1084 adulescentium
700 1040 817 1102 operae
848 1039 918 1082 sese
942 1017 1142 1083 dediderunt
1188 1019 1288 1086 Licet
1308 1022 1342 1086 in
1365 1022 1419 1086 hoo

274 1124 383 1191 dolere
412 1125 555 1190 indolem
582 1126 744 1191 humanae
777 1129 929 1208 naturae,
961 1147 1028 1190 non
1057 1125 1135 1190 lieet
1167 1127 1313 1211 culpare.
1359 1127 1419 1192 Neo

272 1232 321 1296 vis
340 1234 468 1295 tantum
488 1231 742 1316 consuetudinis,
765 1231 922 1297 novitatis
941 1231 1082 1316 gratiam
1101 1254 1270 1299 annorum
1290 1234 1417 1299 decursu

272 1337 417 1401 eruentis
442 1341 475 1402 et
498 1338 783 1404 incitamentorum
806 1338 969 1404 illecebris
997 1338 1152 1422 carentis,
1185 1340 1258 1405 sive
1282 1342 1350 1406 vim
1377 1342 1417 1405 in·

273 1444 373 1508 ertiae
406 1443 512 1509 dicere
543 1445 711 1510 tralaticio
744 1446 876 1511 nomine
908 1446 1024 1529 males,
1056 1444 1137 1509 illud
1166 1445 1271 1514 efficit
1299 1453 1338 1513 ut
1360 1449 1416 1513 leni

272 1569 447 1634 progressu
464 1549 632 1616 fastidium
654 1552 816 1636 quoddam
834 1551 969 1617 docendi
989 1552 1217 1636 subnasoatur,
1235 1554 1292 1618 sed
1312 1556 1415 1620 eodem

272 1655 361 1721 aliud
384 1656 578 1723 desiderium
603 1658 691 1724 valet
715 1664 748 1724 et
772 1659 804 1724 id
828 1659 956 1745 quidem
979 1659 1233 1726 nobilissimum.
1272 1660 1347 1727 Non
1369 1663 1415 1727 de

271 1756 415 1827 crescere
443 1764 545 1847 enim,
577 1764 633 1828 sed
662 1786 804 1830 crescere
831 1765 901 1849 ipse
929 1765 963 1828 in
992 1766 1086 1830 nobis
1115 1766 1303 1833 litterarum
1332 1791 1416 1834 amor

272 1870 365 1954 solet,
389 1891 532 1936 crescere
555 1872 591 1935 in
614 1871 682 1936 dies
706 1872 755 1935 vel
780 1875 865 1936 certe
888 1872 922 1936 in
946 1873 1093 1957 singulos
1112 1895 1218 1938 annos
1238 1875 1412 1941 litterarum

272 1983 385 2043 nostra
412 1979 559 2062 ipsorum
586 1979 746 2045 industria
774 1979 1006 2065 augendarum,
1034 2001 1093 2045 nec
1121 2003 1177 2045 ore
1201 1985 1333 2048 tanturn
1355 1987 1413 2047 tra·

272 2084 462 2168 dandarum,
490 2085 545 2150 sed
569 2086 698 2170 scriptis
722 2085 1026 2170 promovendorum,
1049 2086 1224 2172 laudisque
1249 2111 1289 2152 ex
1313 2111 1350 2153 ea
1371 2090 1413 2153 in·

272 2191 398 2256 dustria
426 2193 627 2276 quaerendae
655 2196 689 2257 et
715 2192 854 2257 nominis
884 2193 1057 2258 memoriae
1086 2194 1331 2260 conservandae
1352 2217 1410 2259 nou

230 2359 235 2368 ,
271 2298 416 2381 profecto
439 2300 596 2385 ignobilis
621 2300 789 2385 cupiditas.
821 2299 883 2364 His
903 2304 1011 2364 autem
1031 2301 1117 2365 votis
1137 2305 1171 2365 et
1188 2302 1337 2367 consiliis
1359 2324 1410 2366 suo

271 2426 429 2489 quemque
453 2407 599 2491 exemplo
624 2410 790 2490 expertum
814 2427 886 2470 esse
909 2406 1018 2490 paullo
1046 2408 1288 2491 provectiorem
1312 2413 1410 2474 aetate

270 2512 416 2594 suspicor
443 2533 540 2596 quam
569 2514 779 2579 adversentur
807 2513 875 2578 eius
900 2511 1096 2578 condicionis
1119 2515 1268 2581 rationes
1292 2516 1408 2580 univer·

270 2640 338 2701 sae,
370 2618 403 2682 in
438 2641 501 2704 qua
532 2620 752 2704 professorum
784 2624 817 2684 et
846 2640 957 2685 eorum
988 2618 1118 2705 quidem
1147 2643 1217 2685 non
1247 2645 1268 2687 a
1297 2620 1408 2686 scholis

269 2725 469 2810 vacantium,
497 2726 554 2791 scd
581 2749 695 2811 reapse
722 2726 907 2791 docentium
934 2726 1107 2792 multitudo
1137 2730 1322 2794 constituta
1344 2750 1405 2794 esse

269 2834 361 2897 solet.
409 2832 470 2909 Qui
498 2855 561 2918 quo
589 2833 662 2918 plus
691 2833 790 2899 studii
820 2837 852 2897 et
875 2855 991 2918 operae
1014 2834 1048 2898 in
1071 2834 1285 2901 informanda
1308 2837 1408 2901 iuven·

267 2943 338 3005 tute
361 2940 568 3023 consumunt,
596 2943 687 3005 tanto
712 2940 819 3004 minus
843 2939 905 3004 sibi
929 2943 962 3004 et
985 2940 1102 3005 virium
1126 2946 1160 3006 et
1181 2943 1246 3007 otii
1269 2944 1406 3008 relictum

269 3046 389 3129 dolent,
414 3068 478 3131 quo
501 3048 582 3132 ipsis
606 3048 726 3113 litteris
751 3047 886 3132 prosint.
919 3047 989 3123 Quo
1008 3049 1047 3112 fit
1064 3052 1101 3113 ut
1121 3052 1187 3132 aut,
1213 3050 1269 3134 qui
1288 3071 1406 3115 summo

172 3222 176 3231 ,
267 3155 467 3219 audientium
491 3156 609 3239 plausu
633 3155 781 3220 doctores
804 3154 1038 3239 suspiciuntur,
1061 3176 1159 3238 saepe
1182 3157 1275 3222 nullo
1299 3158 1334 3222 in
1354 3179 1405 3222 nu·

266 3282 356 3325 mero
384 3261 435 3325 vel
462 3283 578 3344 parum
606 3261 765 3327 librorum
793 3262 917 3326 feraces
941 3262 1116 3346 scriptores
1141 3263 1223 3328 sint:
1257 3268 1327 3348 aut,
1357 3262 1405 3347 qui

267 3369 300 3433 in
328 3368 390 3433 hoc
419 3387 536 3452 genere
565 3368 646 3433 bene
674 3368 713 3433 de
737 3368 903 3453 republica
927 3368 1088 3433 litteraria
1110 3377 1275 3454 mereant,
1307 3371 1404 3435 desint

266 3474 385 3540 scholis
409 3478 442 3538 et
464 3474 644 3540 auditoriis.
676 3474 722 3539 Et
744 3479 854 3541 tamen
877 3480 1050 3560 utrumque
1073 3496 1180 3561 genus
1202 3479 1275 3562 pari
1299 3481 1332 3542 at
1349 3477 1403 3541 uti·

267 3582 360 3646 litate
380 3585 412 3646 et
425 3581 618 3647 necessitate
633 3582 756 3647 censeri
772 3581 807 3645 in
825 3581 972 3647 confesso
992 3602 1062 3646 esse
1081 3586 1250 3668 putamus,
1273 3584 1399 3670 parique

263 3690 332 3755 iure
355 3689 481 3754 litteras
505 3691 541 3752 ut
564 3688 627 3754 sibi
650 3689 789 3754 satisfiat
812 3710 910 3772 quam
934 3687 1078 3754 scholam
1102 3689 1264 3775 flagitare.

352 3796 407 3879 At,
435 3795 530 3861 audio
558 3796 658 3880 enim,
690 3795 769 3860 illud
797 3795 904 3880 ipsum
932 3795 1183 3880 haudquaquam
1206 3799 1399 3883 propositum

262 3907 312 3968 est
335 3902 602 3967 universitatibus
628 3924 802 3987 earumque
825 3902 1014 3969 doctoribus
1037 3904 1205 3986 tamquam
1231 3905 1306 3969 finis
1323 3903 1398 3990 prin·

262 4010 392 4096 cipalis,
417 4013 453 4074 ut
476 4009 659 4074 litterarum
682 4010 794 4075 florem
819 4012 975 4094 augeant:
1007 4031 1102 4095 posse
1126 4008 1188 4075 hoe
1211 4032 1280 4077 non
1303 4012 1398 4093 inepte

261 4116 411 4182 accedere
434 4119 472 4181 ut
495 4116 719 4181 secundarium
743 4120 777 4181 et
799 4117 1026 4201 adventicium,
1049 4116 1105 4181 sed
1124 4116 1317 4201 primarium
1336 4115 1395 4183 offi-

261 4223 346 4288 cinm
375 4244 459 4307 esse,
488 4245 680 4289 conservare
708 4225 773 4289 iarn
802 4224 918 4289 effecta
945 4224 1128 4289 litterarum
1152 4223 1349 4290 incrementa
1368 4226 1395 4285 et

261 4328 326 4393 iam
349 4330 536 4413 praesentia
558 4330 692 4396 inventa
714 4351 904 4416 propagare.
928 4329 993 4394 Vbi
1016 4330 1117 4415 igitur
1140 4330 1206 4415 ipsi
1230 4332 1311 4396 fiunt
1330 4350 1393 4415 pro

261 4437 417 4520 gressus?
441 4435 566 4512 Quibus
585 4437 717 4503 tandem
736 4438 894 4503 debentur
912 4438 1046 4503 inventa
1063 4437 1121 4502 illa
1140 4442 1174 4503 et
1186 4433 1393 4503 incrementa?
