2940 5004
244 350 308 415 Μ
532 363 1104 413 mmmmfflmfflm

245 509 425 574 Fatendum
454 510 503 572 est
531 511 639 572 tamen
671 509 757 573 ultra
786 528 993 593 progressam
1022 528 1092 570 esse
1117 507 1202 571 artis
1227 507 1399 592 indulgen·

244 617 324 681 tiam
354 622 386 680 et
414 615 583 701 aliquanto
614 617 686 701 plus
714 616 878 680 libertatis
907 615 1042 680 senariis
1070 636 1169 700 quam
1201 617 1398 700 septenariis

244 724 278 788 in
303 746 436 789 caesura
464 724 532 788 sive
555 725 758 809 neglegenda
782 725 850 788 sive
874 722 1074 790 obscuranda
1097 723 1315 788 concessisse.
1361 723 1397 787 In

245 837 423 898 extremam
452 834 582 917 quidem
611 833 776 898 licentiam
799 833 953 916 nulloque
977 853 1109 915 prorsus
1133 833 1397 914 temperamento

245 940 379 1005 lenitam
403 961 442 1004 ea
465 939 600 1004 libertas
624 941 656 1005 iu
680 943 796 1004 neutro
821 960 938 1024 genere
957 938 1068 1003 vertit:
1093 959 1160 1002 non
1181 938 1295 1022 magis
1315 939 1397 1003 enim

245 1069 342 1132 quam
366 1047 467 1110 talem
491 1045 710 1129 septenarium

86 1211 244 1251 ccuxxruv
336 1189 406 1254 Neri
440 1190 495 1273 qui
527 1212 594 1253 rem
628 1189 734 1273 ipsam
766 1191 878 1272 pdsset
908 1188 1145 1273 demonstrrire,
1181 1188 1397 1254 thensaurum

1098 1300 1208 1379 tuum,
1287 1323 1293 1343 ²

245 1440 367 1504 similes
398 1462 550 1524 umquam
581 1440 725 1506 senarios
759 1462 812 1506 ars
845 1439 1012 1524 toleravit,
1045 1439 1158 1524 quales
1194 1441 1301 1506 futuri
1333 1443 1398 1506 sint

246 1547 300 1631 qui
324 1546 466 1611 librariis
490 1548 658 1631 debentur,
681 1570 747 1613 non
769 1552 897 1632 poetae:

336 1691 382 1755 At
404 1694 442 1755 rit
464 1690 662 1756 confidenter
686 1689 766 1757 mihi
790 1693 903 1756 contra
927 1689 1047 1755 astitit:

335 1797 458 1863 Erilem
482 1799 584 1862 filirim
608 1803 754 1863 nostram
779 1798 965 1862 sustollere:

336 1906 498 1982 Quoniam
523 1928 556 1969 re
579 1906 661 1970 bene
685 1904 820 1992 gestd*)
844 1905 965 1969 redisse
989 1907 1041 1970 me'
1065 1904 1193 1969 uident:

246 2048 354 2134 (Capi.
378 2048 437 2133 Ill,
460 2050 490 2133 5,
514 2051 543 2114 6.
581 2048 659 2114 Oist.
683 2047 725 2132 Il,
748 2049 778 2132 3,
797 2050 826 2113 8.
860 2046 963 2112 Stichi
986 2046 1177 2132 fl1,1,10).
1210 2047 1302 2123 Quos
1326 2069 1396 2112 cum

247 2155 297 2218 vel
322 2178 423 2239 prava
447 2155 637 2253 oxytonocsis
661 2154 801 2238 damnet,
825 2154 923 2218 etiam
948 2153 1017 2217 sine
1042 2158 1193 2218 accentus
1218 2154 1395 2219 offensione

246 2266 357 2327 tamen
380 2262 517 2326 vitiosus
542 2266 612 2325 erat
635 2259 834 2326 Bacchidum
858 2281 970 2324 versus
994 2260 1178 2341 225[257]:

336 2403 481 2478 Quamne
505 2385 790 2468 Archidemidem?
837 2404 941 2481 Quam
966 2401 1098 2486 inquam
1122 2402 1394 2485 Archidemidem,

247 2547 425 2610 rectissime
453 2546 481 2610 is
511 2548 551 2611 ab
576 2547 764 2611 Hermanno
793 2548 1002 2612 emaculatus.
1046 2546 1167 2611 Verum
1198 2545 1263 2611 hoc
1286 2551 1394 2610 tamen

247 2654 332 2718 inter
365 2655 510 2718 senarios
544 2655 809 2737 septenariosque
843 2654 992 2736 interest,
1025 2652 1125 2738 quod,
1159 2675 1232 2717 cum
1265 2654 1299 2717 in
1331 2640 1410 2717 illis‘

247 2761 441 2826 sententiam
466 2762 646 2825 terminans
670 2783 732 2824 vor
756 2760 984 2844 monosyllaba
1008 2760 1191 2844 proximum
1215 2764 1294 2842 post
1318 2759 1393 2844 legi·

246 2871 362 2934 tiniam
386 2891 552 2934 caesuram
575 2870 682 2934 locum
705 2890 863 2951 occupare
886 2872 1058 2952 propterea
1079 2869 1191 2950 posset
1213 2866 1301 2950 quod
1322 2889 1393 2930 eum

246 2977 353 3060 ipsum
377 2978 411 3042 in
435 2979 543 3042 locum
567 2976 689 3040 vicaria
712 2996 845 3040 caesura
868 2974 991 3058 incidit,
1015 2998 1040 3040 e.
1064 2997 1089 3038 c.

337 3118 412 3185 Scin
440 3124 477 3184 tu
506 3120 599 3185 illum
628 3141 691 3202 quo
720 3119 836 3202 ge‘nere
865 3123 983 3204 gnatus
1013 3115 1078 3182 sit?
1126 3115 1213 3200 Scio,
1247 3117 1394 3201 adprime'

1100 3224 1212 3309 probo,

248 3368 450 3432 consimilem
474 3392 585 3434 vocem
616 3369 877 3453 monosyllabam
902 3368 1001 3433 etiam
1027 3367 1191 3451 proximus
1214 3370 1294 3451 post
1318 3368 1396 3454 legi·

247 3475 362 3540 timam
382 3476 646 3562 semiquinariam
665 3477 756 3542 locus
775 3477 898 3559 recepit
917 3476 1065 3559 quamvis
1085 3473 1224 3539 vicariae
1244 3496 1397 3539 caesurae

247 3584 486 3649 excusationem
524 3607 590 3649 non
627 3584 762 3648 habens.
814 3583 860 3648 Et
897 3582 1054 3668 quaedam
1092 3602 1169 3646 sane
1206 3579 1397 3648 huiusmodi

246 3795 310 3831 nem
330 3777 432 3834 imiter.
462 3779 493 3832 ln
512 3778 617 3833 talibus
637 3780 732 3833 autem
752 3777 894 3833 sciendum
913 3779 957 3831 eet
977 3793 1043 3847 prae
1057 3775 1158 3830 ultima
1172 3776 1401 3843 praeponderare

247 3867 520 3938 semiseptenariam‚
546 3885 613 3938 prae
633 3869 686 3923 hac
705 3866 947 3936 semiquinariam,
974 3865 1016 3921 ita
1034 3864 1148 3935 quidem
1167 3865 1212 3932 ut,
1242 3883 1320 3933 quae
1340 3884 1401 3936 gra-

247 3956 332 4011 vioris
351 3974 483 4013 caesurae
507 3957 629 4028 pondere
653 3958 791 4024 elevetur,
815 3957 850 4011 ad
870 3955 988 4025 podicae
1008 3954 1191 4024 exiguitatem
1212 3951 1402 4022 deprimatur.

246 4044 308 4098 Nisi
327 4045 402 4114 qnod
420 4048 535 4114 propter
553 4045 714 4117 insignioris
733 4044 789 4099 vim
810 4044 1043 4115 interpunctionis
1064 4041 1302 4112 semiseptenaria
1321 4061 1403 4115 prae·

247 4136 324 4189 valet
342 4154 367 4189 v.
389 4141 449 4189 195.
471 4141 529 4191 182.
550 4141 614 4190 527:

407 4243 482 4297 Istuc
501 4242 630 4298 uolebam
651 4245 730 4298 scire.
759 4242 768 4296 i
788 4259 854 4297 sane
872 4244 946 4296 nunc
964 4240 1030 4296 iam.

408 4330 454 4384 Illi
472 4330 577 4386 redemi
595 4334 705 4399 rusum,
724 4349 742 4387 a
761 4349 806 4387 me
824 4333 970 4402 argentum
990 4328 1062 4384 dedi.

409 4419 567 4474 Consuadet
585 4420 706 4487 homini,
726 4421 816 4477 credo.
846 4419 898 4474 etsi
919 4421 1053 4475 scelestus
1072 4420 1124 4474 rst.

338 4510 362 4577 *)
381 4509 476 4580 [aare
495 4521 591 4562 oasrr
609 4522 649 4562 aa
668 4509 716 4580 A]
