2918 5004
258 354 323 418 662
636 365 870 413 nararmscnu
894 365 1022 413 aunan.

259 515 335 579 ante
358 515 505 577 actarum
529 509 732 593 memoriam,
760 531 857 594 quam
885 507 1045 574 historiae
1070 508 1219 574 nomine
1245 508 1425 592 compleot-

257 643 337 702 mur,
360 641 399 684 ex
423 638 534 682 earum
556 638 664 681 rerum
688 616 766 680 orbo
794 615 863 679 sine
891 636 983 680 mora
1012 614 1289 700 exturbandam,
1319 617 1424 700 quibus

258 751 331 794 oum
359 726 468 791 fructu
496 727 530 788 et
557 707 649 787 mens
678 722 750 788 acui
772 725 806 786 et
828 721 956 786 incitari
979 721 1140 786 voluntas
1167 725 1206 786 at
1231 722 1423 788 conformari

260 834 387 898 animus
416 833 579 896 humanus
607 828 711 895 adhuc
740 828 882 894 creditus
907 833 972 914 est,
994 851 1058 894 nec
1082 829 1120 894 in
1151 828 1344 896 Germania
1365 835 1422 895 tan·

259 946 329 1006 tum
353 938 510 1021 creditus,
534 937 589 1001 sed
613 937 775 1000 intereas
799 936 888 1020 ipsas
912 940 1041 1021 gentes,
1066 959 1220 1020 quarum
1246 937 1420 1022 exemplum

260 1047 352 1112 unice
376 1044 566 1110 intuendum
589 1047 623 1107 et
645 1042 843 1127 sequendum
873 1043 995 1107 inertes
1023 1042 1074 1107 illi
1099 1044 1301 1111 nebulones
1326 1045 1419 1111 elami-

260 1158 349 1236 tant,
376 1152 553 1216 Britannos
581 1148 885 1235 Francogallosque.
931 1149 992 1226 Qui
1023 1151 1053 1214 si
1084 1151 1171 1235 quid
1203 1157 1344 1236 praeter
1369 1175 1418 1217 nos

260 1260 469 1346 praecipuum
498 1258 533 1321 in
561 1248 728 1342 republica
755 1256 892 1340 habent,
921 1278 987 1321 non
1017 1257 1051 1321 id
1080 1258 1245 1342 profecto
1278 1261 1417 1345 magist

262 1389 296 1432 se
320 1387 417 1450 quam
440 1364 607 1428 internos
630 1363 790 1448 neglectis
814 1363 1018 1447 antiquitatis
1043 1364 1170 1430 studiis
1195 1365 1339 1431 debent:
1364 1388 1415 1451 qno

212 1482 214 1487 ’
262 1473 297 1536 in
325 1491 442 1556 genere
470 1474 628 1555 quantum
657 1473 721 1553 est,
748 1491 812 1555 quo
839 1491 899 1534 nos
926 1469 994 1534 illis
1020 1471 1178 1554 potiores
1211 1473 1333 1557 simus,
1357 1479 1414 1538 tan·

262 1585 332 1645 tum
360 1577 527 1643 habebunt
554 1577 639 1663 quod
667 1577 830 1642 nobismet
857 1576 1023 1642 invideant
1047 1579 1089 1643 ab
1117 1581 1317 1666 eisdemque
1339 1603 1413 1666 repe

262 1689 342 1750 tant.
388 1684 525 1750 Possum
553 1684 633 1750 haec
660 1684 810 1769 persequi
837 1683 982 1769 longius:
1013 1683 1070 1748 sed
1103 1685 1208 1752 redeo
1240 1689 1326 1754 unde
1353 1711 1411 1772 pro·

263 1792 365 1857 fectus
396 1814 475 1856 sum.
521 1790 644 1855 Eorum
674 1791 759 1855 enim
788 1812 870 1875 quae
894 1791 1027 1873 exposui
1051 1792 1237 1859 veritatem
1262 1796 1324 1860 etsi
1346 1796 1411 1860 satis

232 1929 253 1967 x
269 1899 412 1964 munisse
435 1898 696 1963 ratiocinationis
720 1899 751 1963 vi
776 1898 933 1981 videmur,
960 1901 1071 1963 tamen
1101 1900 1132 1964 si
1156 1903 1266 1968 etiam
1290 1903 1410 1968 auctori·

242 2007 342 2095 tatia
375 2005 516 2090 pondere
553 2005 739 2071 confirmari
772 2006 931 2090 postules,
963 2026 1084 2091 ecquae
1115 2010 1262 2093 reperiri
1296 2010 1409 2096 gravior
1457 2027 1458 2031 ’

263 2135 360 2198 quam
380 2111 559 2178 vasnnr
584 2113 808 2179 ansoanrn
831 2112 994 2197 potuerit?
1041 2113 1106 2191 Qui
1131 2116 1272 2199 quidem
1296 2122 1407 2182 tannim

264 2221 358 2285 abest
380 2224 417 2284 ut
440 2221 616 2286 subsistere
645 2242 740 2305 posse
764 2222 798 2285 in
822 2241 860 2284 eo
884 2241 978 2304 quem
1002 2220 1212 2289 instituisset
1237 2248 1334 2291 cursu
1356 2225 1408 2289 sire

264 2347 365 2412 genus
392 2325 571 2392 humanum
600 2329 668 2393 sive
696 2328 797 2393 vitam
826 2327 1033 2412 populorum,
1065 2328 1192 2395 nedum
1223 2336 1315 2398 retro
1342 2331 1407 2396 verli

264 2432 447 2512 crediderit,
479 2437 516 2497 ut
547 2455 613 2498 non
645 2434 709 2498 nisi
735 2433 972 2519 progrediendo
1003 2433 1044 2498 ad
1074 2422 1325 2505 beatitudinem
1352 2460 1405 2524 per·

264 2540 368 2606 veniri
398 2545 432 2605 et
461 2541 744 2624 persuasissimum
777 2540 927 2605 habuerit
956 2544 990 2605 et
1017 2540 1208 2608 luculenter
1238 2567 1299 2610 suo
1322 2547 1406 2630 ipsius

264 2629 410 2732 exemplo
430 2648 666 2732 comprobarit:
692 2684 732 2694 —
757 2652 790 2712 et
813 2652 923 2712 tamen
945 2647 1040 2731 idem,
1064 2648 1092 2712 si
1119 2650 1197 2733 quis
1224 2651 1320 2737 alius,
1342 2673 1405 2737 quae

264 2756 313 2820 vis
336 2760 422 2820 esset
444 2754 614 2838 historiae,
642 2754 722 2819 adeo
749 2757 970 2839 perspexerat,
998 2758 1034 2820 ut
1062 2759 1097 2820 et
1128 2758 1287 2823 veritatis
1315 2760 1404 2824 inven-

263 2862 376 2927 tricem
396 2865 429 2926 et
446 2861 681 2946 indagatricem
702 2861 830 2926 virtutis
850 2861 1065 2946 vitiorumque
1084 2864 1320 2949 expultricem,
1337 2864 1403 2929 deni·

264 2990 324 3053 que
355 2968 440 3032 vitae
471 2966 585 3033 ducem
619 2972 652 3032 et
682 2968 874 3053 magistram
904 2989 976 3033 cum
1009 2968 1264 3052 sapientissimo
1299 2992 1403 3057 quoque

264 3075 472 3140 existimaret.
501 3108 543 3120 -
571 3073 640 3139 Nec
667 3079 778 3140 tamen
806 3075 912 3140 minua
941 3074 982 3139 ab
1012 3074 1077 3139 alia
1107 3075 1168 3140 ille
1204 3079 1401 3162 perversius

263 3182 386 3246 alienus
405 3184 484 3265 erat,
507 3203 604 3266 quam
624 3180 659 3245 in
676 3182 743 3246 dies
762 3204 891 3266 serpere
911 3181 1007 3247 latius
1031 3185 1064 3246 et
1086 3184 1311 3266 perniciosius
1334 3207 1400 3272 gra·

264 3288 330 3352 sari
352 3310 417 3353 non
441 3289 511 3353 sine
534 3310 660 3353 summo
684 3310 828 3354 maerore
848 3289 1093 3374 vehementique
1116 3290 1351 3377 indignatione
1369 3291 1400 3354 ri·

264 3394 384 3460 demus.
432 3394 495 3460 Vix
523 3397 609 3461 enim
639 3417 710 3461 esse
733 3396 858 3480 credas,
885 3397 949 3462 nisi
977 3395 1111 3461 cottidie
1140 3401 1330 3485 experiare,
1355 3406 1399 3464 ter·

263 3501 345 3566 tium
366 3522 469 3587 genus
489 3502 651 3588 quoddam
670 3503 848 3583 hominum,
872 3504 923 3569 vel
942 3503 1171 3569 tenebrionum
1191 3507 1398 3592 potiusquam

264 3607 445 3695 hominum,
473 3610 541 3694 qui,
570 3631 705 3675 caecans
733 3610 908 3694 cupiditate
937 3609 1064 3694 abrepti
1093 3609 1205 3675 dicam
1236 3635 1281 3679 an
1304 3613 1398 3680 indolis

264 3714 458 3781 hebetudine
482 3715 671 3799 praepediti,
694 3738 711 3780 e
735 3716 904 3802 religionis
923 3717 1132 3801 potissimum
1153 3721 1398 3798 armamentario,

264 3826 297 3886 et
325 3822 393 3887 eius
422 3821 551 3906 quidem
579 3822 761 3908 religionis,
790 3844 871 3908 quae
899 3823 1045 3889 caritatis
1073 3828 1175 3909 atque
1205 3829 1353 3895 veritatis
1374 3832 1397 3890 ul

263 3930 403 3995 habetur
430 3929 478 3994 ita
506 3931 568 4012 est,
595 3929 661 3994 tela
688 3933 803 4013 petant
831 3929 871 3994 ad
900 3929 1041 3995 Graecae
1071 3929 1313 4021 Romanaeque
1338 3934 1397 4001 anti·

264 4038 398 4122 quitatis
432 4057 505 4102 eum
537 4036 718 4123 ingenitam
744 4038 980 4122 praestantiam
1012 4042 1082 4103 tum
1114 4038 1282 4110 hodierna
1313 4042 1397 4110 studia

263 4143 494 4230 impugnanda,
513 4142 551 4208 de
570 4143 679 4209 nescio
699 4167 764 4229 quo
782 4145 924 4231 periculo
945 4145 1156 4229 somniantes,
1177 4152 1270 4236 qnod
1288 4176 1305 4218 e
1323 4153 1397 4234 longe

262 4251 477 4316 illustrissimi
512 4249 724 4319 humanitatis
758 4253 896 4337 exempli
929 4252 1129 4337 cogitatione
1165 4261 1270 4345 atque
1301 4262 1397 4325 tracta·

264 4358 352 4423 tione
376 4358 546 4424 imminere
568 4381 633 4424 non
657 4364 726 4425 tam
749 4361 862 4425 virtuti
886 4364 919 4424 et
946 4359 1042 4426 bonis
1071 4364 1224 4432 moribus
1250 4371 1285 4433 et
1306 4362 1397 4453 pietati

265 4485 361 4548 quam
376 4463 581 4532 Christianae
600 4465 675 4532 fidei
689 4466 853 4533 sanctitati
868 4470 1014 4551 crepant:
1036 4469 1130 4552 quasi
1147 4474 1201 4537 vel
1216 4472 1306 4561 huie,
1322 4469 1397 4540 modo
