2986 5010
453 356 719 405 annanamoms
742 355 951 404 curvamen.
1211 338 1275 404 441

131 502 202 567 dem
223 501 351 567 circiter
369 501 614 587 quinquaginta,
636 502 772 566 totidem
792 501 1095 586 autem'scptcnarii
1113 501 1277 586 trochaici,

130 609 164 672 in
188 608 305 693 quibua
328 608 384 673 illa
407 608 459 673 lex
483 607 566 692 (aive
589 608 788 694 elegantiam
812 609 917 674 dicere
940 606 1108 693 malueris)
1131 630 1197 673 non
1217 610 1275 672 mi-

129 737 191 779 nus
220 737 316 800 quam
345 714 378 780 iu
407 715 544 780 senariis
573 715 691 798 valuit,
723 717 759 780 iu
790 716 855 779 fine
884 738 995 780 versus
1024 715 1167 781 iambum
1201 719 1276 780 ante

130 823 275 887 iambum
303 823 484 907 receperint
509 821 555 909 (h.
580 846 606 888 e.
631 824 832 888 senariorum
854 846 931 908 pars
954 822 1056 888 ferme
1080 822 1278 913 duodecima,

131 930 388 1014 septenariorum
412 930 540 995 circiter
557 927 667 1015 nona),
689 933 799 995 tamen
823 953 955 1014 perraro
978 931 1106 995 duobus
1129 929 1276 994 iambicis
1348 938 1350 940 ’

130 1037 296 1102 vocabulis
323 1037 401 1101 talia
430 1037 534 1101 exitus
562 1038 634 1121 fiat,
667 1059 845 1121 numquam
869 1035 1017 1122 tribua.*)
1065 1037 1180 1121 Itaque
1204 1058 1276 1100 cum

131 1143 212 1209 nihil
236 1144 423 1209 offensionis
448 1143 592 1208 habeant
612 1144 710 1209 lccrole
732 1145 874 1223 acutas,
901 1146 1041 1210 rechedus
1063 1149 1120 1223 est,
1146 1143 1278 1226 fiddcicc

129 1253 164 1317 in
186 1253 282 1317 finem
306 1272 466 1334 veranum,
489 1273 685 1336 quamquam
708 1273 774 1316 non
793 1243 890 1316 nimis
911 1274 1015 1337 saepe,
1038 1252 1190 1334 admissa,
1212 1251 1278 1314 tria

131 1361 262 1423 tantum
288 1381 346 1442 per
369 1358 450 1422 duaa
473 1358 602 1424 fabulae
626 1359 769 1442 integras
794 1358 1019 1424 Trinummnm
1044 1364 1077 1423 et
1098 1357 1277 1424 Bacchides

130 1466 280 1550 exempla
303 1471 433 1531 exstant
456 1464 654 1530 huiusmodi:
677 1487 750 1549 aper
770 1465 835 1547 said
858 1466 911 1531 Tr.
922 1467 997 1545 583,
1019 1467 1137 1539 enatam
1160 1485 1276 1528 macena

128 1573 171 1637 ib.
190 1573 265 1638 598.
295 1573 353 1638 Ba.
373 1574 437 1638 863
460 1573 562 1654 [902l.
609 1573 729 1650 Quales
752 1574 850 1658 peden
874 1575 990 1639 tertius
1014 1572 1142 1637 iambus
1166 1593 1206 1635 ne
1231 1571 1277 1635 sic

128 1680 258 1765 quidem
286 1680 475 1764 praecedere
505 1679 601 1763 solet,
633 1680 661 1743 is
689 1684 727 1745 ut
750 1704 813 1747 non
839 1682 981 1746 iambica
1003 1702 1080 1746 voce
1104 1679 1275 1745 conclusus

129 1788 182 1870 sit,
205 1791 242 1852 ut
264 1785 318 1851 Tr.
342 1787 408 1851 533
437 1788 546 1869 podius
573 1787 626 1851 ille
647 1789 721 1870 aper
746 1785 884 1873 suit**):
917 1789 1022 1853 multo·
1043 1788 1144 1872 igitur
1167 1786 1362 1849 minusocxr
1402 1784 1405 1791 '

129 1894 163 1959 hi
192 1893 320 1958 ordines
349 1894 542 1979 placuerunt
567 1893 794 1978 u—'lv‡lv-‘,
828 1901 865 1960 ut
892 1896 974 1960 niolo
1000 1895 1078 1977 facit
1103 1913 1167 1957 saco.
1214 1889 1276 1956 Sed
1333 1896 1336 1898 ’

128 2024 187 2065 nec
220 2002 261 2065 ab
291 2001 352 2065 hac
382 2005 475 2084 parte
506 2023 565 2065 nec
596 2024 615 2064 a
642 2002 791 2086 neglecto
820 2007 954 2067 accentu
982 2004 1111 2085 praeter
1139 1999 1208 2082 illa,
1241 2003 1277 2063 ut

129 2108 211 2172 analo
233 2106 395 2188 focilare,
419 2105 501 2170 haec
524 2126 589 2190 qua
612 2107 697 2172 infra
721 2109 815 2193 posui
839 2109 1025 2192 improbata
1049 2112 1140 2189 aunt,
1164 2105 1275 2170 eadem

129 2237 194 2298 qua
221 2213 278 2279 illa
306 2214 432 2278 ratione
456 2216 538 2278 eatis
562 2214 707 2298 defensa,
745 2215 834 2280 Trin.
859 2216 932 2280 733.
970 2215 1085 2280 Bacch.
1113 2215 1186 2279 1²10.
1210 2212 1274 2276 222

131 2321 220 2403 [202.
244 2322 333 2402 254].
365 2321 433 2387 Mil.
453 2322 478 2405 Ι,
505 2324 532 2405 1,
551 2321 603 2386 30.
631 2320 747 2387 Bacch.
767 2323 831 2387 316
857 2323 965 2406 [349];

225 2516 632 2530 .......
685 2467 785 2549 penda
808 2488 860 2529 me
885 2465 1023 2529 habeam
1048 2464 1135 2530 domi

225 2623 631 2636 .......
684 2573 749 2636 oitd
774 2571 920 2636 Samium
944 2572 1027 2637 solet

225 2731 232 2743 .
292 2730 299 2743 .
358 2731 365 2772 .
425 2733 432 2743 .
492 2731 498 2743 .
559 2732 565 2743 .
626 2731 632 2744 .
687 2680 799 2765 edepol
824 2683 911 2745 certo
937 2681 1003 2745 scio

223 2873 248 2942 ⁸¹)
268 2873 321 2944 [Ex
340 2872 513 2927 Addendia
532 2892 559 2943 p.
578 2888 745 2928 cccxxvm:
767 2873 889 2930 ‘Bentlei
907 2873 1111 2942 observatione,
1130 2872 1207 2928 cuiue
1227 2872 1275 2928 ille

129 2963 216 3019 etiam
238 2963 268 3016 in
285 2961 411 3017 Terentii
430 2961 625 3018 emendatione
644 2981 798 3033 numquam
817 2981 873 3019 non
890 2979 998 3018 memor
1015 2962 1081 3031 fuit,
1105 2978 1161 3016 non
1179 2961 1275 3031 pancio

127 3052 157 3107 in
176 3051 245 3108 locie
265 3069 328 3106 cnm
346 3052 438 3107 fructu
457 3053 550 3121 utare,
575 3052 606 3107 in
624 3053 740 3122 quibua,
758 3055 853 3108 ntroin
872 3069 887 3107 e
906 3051 1129 3122 discrepantibus
1148 3050 1274 3105 codicum

129 3140 298 3196 testimoniis
316 3143 453 3210 praestet,
477 3141 579 3197 dubiae
601 3142 727 3198 haereas.
765 3142 851 3196 Velut
875 3158 930 3196 una
952 3142 1006 3196 hac
1029 3157 1072 3209 re,
1096 3139 1171 3208 quod
1194 3157 1274 3210 apon-

127 3226 213 3285 'deum
232 3229 344 3298 quintae
362 3246 412 3300 pes
430 3230 551 3285 trimetri
571 3248 622 3300 pro
641 3231 735 3287 iambo
754 3231 871 3301 obtinet,
892 3233 1019 3301 praestat
1035 3230 1110 3284 Tria.
1130 3248 1155 3286 v.
1171 3236 1204 3283 33
1224 3247 1273 3283 nae·

130 3326 185 3374 tere
209 3336 317 3374 meroem
342 3337 500 3375 mmmm
524 3337 592 3391 prae
620 3319 762 3376 tralaticia
788 3320 936 3375 verborum
960 3318 1146 3374 collocatione
1168 3334 1275 3373 mercem

130 3413 224 3463 metere
242 3408 434 3479 mmmamj]

218 3495 261 3567 **)
283 3499 377 3566 Atque
400 3499 471 3553 haec
493 3516 593 3555 cauam
615 3500 672 3555 fnit
692 3504 742 3555 car
760 3517 844 3570 supra
868 3514 991 3570 perun
1011 3498 1087 3570 [eol]
1108 3497 1275 3552 reieciemus

129 3588 203 3642 hunc
217 3604 312 3642 verane
327 3587 432 3643 exitum
445 3588 546 3654 saldra
555 3595 628 3654 auat,
643 3592 733 3645 tame'a
746 3591 849 3645 edunt:
864 3589 1029 3660 praesertim
1044 3587 1195 3644 accedente
1209 3586 1274 3640 ante

129 3676 255 3746 geminos
274 3675 383 3732 iambos
400 3676 634 3748 interpunctione.
672 3680 731 3732 Nec
750 3679 852 3732 mimm
871 3678 941 3733 talia
959 3694 1016 3732 non
1034 3677 1187 3747 placuisse,
1212 3692 1275 3731 cum

129 3783 164 3820 no
179 3767 248 3820 haec
265 3765 378 3836 quidem
393 3765 490 3821 crebra
504 3767 569 3835 rint,
589 3766 618 3820 in
637 3767 738 3836 quibua
756 3770 814 3822 trea
832 3784 862 3822 ae
880 3767 967 3821 iambi
985 3766 1131 3837 excipiunt
1148 3764 1275 3820 iambicis

130 3855 274 3910 vocabulis
292 3871 347 3909 non
366 3855 480 3923 inclusi,
499 3857 532 3909 nt
550 3857 640 3911 addace
658 3874 719 3911 cum
737 3857 846 3910 aile'alio
865 3874 890 3911 v.
910 3862 957 3923 22,
976 3857 1041 3909 berte
1058 3856 1144 3909 berch
1161 3853 1276 3907 camiac
1344 3873 1346 3875 ¹

131 3951 174 4011 19,
192 3947 270 4013 iprae
288 3945 320 3998 ia
334 3944 485 3999 Seledcicm
505 3951 565 4013 112,
583 3947 636 4012 fide
655 3952 679 4000 ct
696 3946 817 4014 tiddcioc
833 3951 892 4000 117.
909 3951 969 4014 142,
987 3946 1144 3998 mdritumie
1161 3943 1276 4012 mediiis

27 4092 32 4103 ¹
130 4038 191 4102 331,
204 4034 270 4102 poti
288 4050 372 4103 aeque
390 4033 471 4088 dicem
489 4039 551 4103 312,
568 4035 680 4103 re'ppcri
697 4035 835 4104 morium
854 4039 915 4104 389,
934 4035 1147 4088 drdclmmoram
1161 4027 1275 4101 oly'mpi·

129 4138 191 4176 carn
209 4128 275 4192 425,
293 4138 343 4177 ruo
358 4124 468 4191 pactilio
486 4129 552 4177 434:
581 4139 653 4192 quae
673 4123 769 4178 decem
789 4124 854 4177 eant
873 4122 902 4176 in
921 4121 1131 4192 quadringentis
1150 4120 1276 4176 versibus

130 4211 266 4282 exempla
299 4212 363 4266 Non
382 4210 510 4267 dubitavi
529 4211 626 4283 igitar,
644 4213 693 4267 ubi
711 4213 788 4282 optio
807 4211 875 4267 data
893 4213 963 4279 erat,
983 4212 1032 4281 qai
1048 4212 1099 4264 lade
1116 4210 1184 4264 maid
1202 4210 1277 4264 dedit

129 4302 261 4370 emitum
279 4300 419 4371 praeferre
438 4317 505 4370 prae
524 4302 573 4370 qui
590 4301 640 4355 hoa
654 4301 729 4356 dedit
742 4302 781 4354 mi
794 4301 925 4371 epictulas
939 4319 966 4354 v.
977 4304 1037 4354 874.
1057 4300 1130 4369 [Hoc
1144 4299 1276 4354 Pseuduli

130 4407 156 4446 v.
176 4397 226 4444 691
246 4409 310 4446 cum
328 4392 355 4444 Β
375 4390 454 4446 dedit
471 4389 641 4446 Bitscheliua
660 4392 689 4444 et
707 4388 864 4444 Trinummi
883 4391 973 4443 versui
993 4387 1160 4454 vindicavit;
1179 4387 1228 4443 aed
1247 4388 1275 4442 in

131 4476 172 4534 ed.
193 4480 242 4535 alt.
262 4481 330 4535 milii
347 4482 421 4536 dedit
439 4479 586 4551 reposuit]
