2910 5010
236 352 303 416 682
614 365 849 413 narnrurscnn
874 364 1002 411 annau.

239 534 326 576 mum
350 510 584 595 recogitamus,
611 507 935 594 quibus.prim0rdia
962 530 1022 572 sua
1045 507 1241 572 litterarum
1266 508 1396 572 univer-

237 619 319 683 sitas
335 616 565 700 Berolinensis,
583 616 854 682 instaurationem
873 616 914 680 ab
933 614 1141 679 institutione
1160 636 1234 679 non
1254 616 1395 679 multum

236 725 397 789 diversam
421 722 688 788 Vratislaviensis
712 722 838 787 debent
873 721 1057 787 Contractis
1080 720 1206 786 finibus
1232 721 1275 786 ad
1300 722 1393 787 dimi·

237 831 323 896 diam
352 831 403 896 sui
426 835 552 915 partem
576 830 648 914 ipsa
671 829 787 894 civitas
810 828 967 894 redactaz·
983 850 1023 892 ne
1047 828 1082 892 in
1104 828 1237 893 salvam
1261 836 1391 914 partem

238 938 367 1023 quidem
398 939 501 1002 libera
530 937 721 1019 dominatio,
754 935 811 1000 sed
840 935 1133 1001 contumacissimis
1166 937 1390 1020 superbientis

238 1046 370 1111 victoris
389 1045 515 1109 iniuriis
534 1047 632 1129 atque
651 1042 877 1108 vexationibus
895 1042 1034 1127 turpiter
1048 1043 1208 1108 coercita:
1229 1044 1390 1110 exhausta

238 1154 287 1218 vis
315 1153 477 1236 roburque
505 1150 758 1234 provinciarum:
791 1150 910 1215 aerarii
937 1149 1112 1215 difficultas
1140 1151 1298 1233 proxima
1326 1153 1388 1217 rni-

170 1258 172 1262 ’
237 1281 312 1324 nae:
336 1259 461 1323 fractus
484 1262 517 1320 et
540 1256 773 1341 propemodum
797 1256 942 1322 abiectus
961 1255 1080 1321 civium
1099 1256 1248 1322 animus:
1272 1259 1387 1324 salutis

236 1388 295 1430 nec
318 1387 391 1449 spes
414 1384 473 1428 nec
496 1362 550 1427 via
572 1363 607 1427 iu
629 1367 791 1448 promptu.
832 1362 901 1428 Nec
923 1368 1033 1429 tamen
1056 1366 1108 1428 tot
1130 1368 1313 1450 tantaeque
1336 1366 1387 1430 de

237 1471 388 1555 sperandi
417 1491 551 1536 caussae
579 1471 754 1555 impetrare
783 1472 824 1537 ab
849 1471 958 1537 animo
980 1493 1056 1536 rere
1080 1472 1172 1556 regio
1198 1478 1386 1557 potuerunt,

236 1578 314 1663 quin
338 1577 467 1642 omissis
491 1578 725 1662 aliquantisper
747 1579 833 1643 curis
856 1575 1012 1662 proximis
1032 1583 1065 1643 et
1083 1578 1125 1643 ad
1144 1578 1238 1663 ipsas
1257 1582 1384 1646 vivendi

238 1684 550 1770 administrandique
574 1685 784 1751 necessit-ates
808 1685 1061 1769 pertinentibus,
1082 1683 1307 1752 Humboldtio
1331 1712 1382 1774 po·

236 1791 400 1855 tissimum
429 1794 560 1856 auctore
589 1796 622 1855 et
649 1813 782 1856 suasore
810 1793 850 1857 nd
874 1814 946 1857 eam
969 1791 1149 1856 studiorum
1173 1792 1288 1858 sedem
1313 1804 1382 1860 con·

237 1896 376 1961 desdam
400 1919 471 1962 sese
494 1899 681 1983 applicaret,
705 1921 788 1983 quae
811 1921 876 1964 non
899 1899 1077 1963 multorum
1100 1918 1265 1975 annorum
1289 1901 1382 1965 inter·

237 2004 323 2069 vallo
348 2005 481 2088 optimis
509 2005 675 2070 doctrinae
703 2005 862 2070 fructibus
886 2008 1010 2070 ceteras
1034 2003 1233 2071 Germaniae
1257 2008 1380 2073 univer·

236 2112 351 2176 sitates
375 2116 544 2196 aequaret,
572 2112 755 2176 lautissimo
780 2112 888 2176 variae
912 2110 1102 2176 eruditionis
1126 2118 1293 2196 apparatu
1316 2115 1379 2179 rin-

235 2221 330 2283 ceret.
375 2217 464 2283 Talis
495 2219 596 2304 igitur
626 2218 782 2303 principis
813 2240 939 2284 sacram
969 2219 1160 2284 memoriam
1191 2220 1280 2305 quod
1311 2244 1379 2287 cum

236 2323 501 2389 Berolinensibus
524 2348 584 2390 nos
608 2325 796 2391 Bonnenses
825 2325 885 2391 hoc
908 2325 974 2409 die,
1002 2326 1057 2411 qui
1080 2325 1136 2390 Illi
1163 2329 1289 2394 natalis
1312 2330 1379 2413 fuit,

235 2429 409 2514 quotannis
432 2431 618 2516 recolimus,
642 2454 680 2497 ea
702 2432 834 2516 pietatis
859 2454 896 2497 ac
918 2433 1117 2497 reverentiae
1142 2433 1378 2518 significatione

236 2559 302 2601 non
324 2537 432 2602 minus
456 2537 601 2620 profecto
625 2539 727 2623 ipsius
746 2539 860 2604 virtuti
880 2560 977 2623 quam
996 2538 1097 2603 animi
1116 2539 1251 2605 affectui
1269 2547 1377 2607 nostro

235 2644 423 2711 satisfacere
455 2645 644 2710 videbimur.
696 2645 904 2730 Pertinetque
936 2645 976 2710 ad
1009 2667 1082 2710 eum
1114 2667 1250 2712 sensum
1284 2650 1376 2714 etiam

235 2751 340 2836 magis
369 2751 575 2816 excitandum
604 2752 923 2837 confirmandumque
950 2753 1012 2819 hoc
1039 2753 1161 2838 ipsum,
1194 2756 1376 2840 quodcum

234 2858 329 2922 huius
358 2858 421 2923 diei
449 2858 669 2923 sollemnitate
698 2859 895 2942 sempiterno
920 2859 1046 2925 vinculo
1075 2861 1201 2927 sociare
1225 2863 1306 2928 iussi
1329 2887 1375 2928 su·

234 2986 315 3048 mus,
338 2965 551 3030 certaminum
574 2965 808 3030 litterariorum
830 2966 1018 3031 inst'tutum
1040 2967 1319 3054 victoriarumque
1341 2993 1375 3034 ex

233 3069 299 3134 illis
332 3073 570 3154 reportaturum
602 3072 734 3157 publica
766 3072 974 3137 renuntiatio.
1019 3072 1099 3137 Eius
1132 3073 1219 3139 enim
1254 3077 1376 3142 consilii

233 3176 299 3240 vim
322 3198 387 3241 non
410 3177 573 3242 immerito
598 3178 644 3242 sic
666 3178 967 3263 interpretabimur,
999 3182 1035 3242 ut
1062 3178 1246 3247 facinorum
1269 3184 1375 3269 potins

233 3282 361 3347 disertis
394 3283 596 3350 documentis
634 3308 730 3370 quam
759 3286 929 3351 verborum
964 3285 1132 3350 lenociniis
1164 3293 1198 3352 et
1230 3284 1375 3376 quamvis

233 3388 389 3454 facundae
413 3391 572 3456 orationis
595 3392 763 3458 ieiunitate
792 3392 902 3457 landes
926 3392 1192 3458 desideratissimi
1217 3396 1373 3483 Principis

233 3497 395 3562 emineant
413 3520 534 3582 suaque
553 3503 587 3562 et
604 3499 692 3564 iusta
715 3521 812 3584 seque
836 3499 936 3586 digna
953 3501 986 3564 in
1006 3501 1076 3566 luce
1095 3501 1277 3569 collocatae
1296 3510 1374 3570 tam·

232 3625 328 3687 quam
349 3605 452 3670 oculis
471 3610 658 3690 appareant.
694 3606 779 3672 Nam
799 3607 884 3691 quod
904 3611 1018 3693 suapte
1040 3611 1159 3673 natura
1182 3609 1254 3674 leve
1278 3612 1373 3676 videri

231 3715 350 3797 potest,
364 3733 464 3794 prope
483 3713 637 3797 pusillum
657 3716 765 3778 autem
785 3714 813 3778 si
832 3736 906 3780 oum
924 3718 1104 3779 ceterarum
1123 3736 1233 3780 rerum
1254 3740 1273 3781 a
1291 3735 1373 3783 nivo

231 3814 426 3884 annnco
447 3819 631 3886 lennnuo
650 3822 814 3905 praeclare
834 3825 1000 3907 gestarum
1018 3823 1069 3887 rel
1093 3823 1304 3889 multitudine
1325 3824 1371 3887 rel

233 3924 402 4007 splendore
426 3930 643 4010 comparatur,
665 3927 698 3991 id
721 3929 758 4011 si,
781 3950 845 4012 quo
869 3929 1005 3994 consilio
1025 3929 1192 3995 conditum
1212 3931 1265 4014 sit,
1288 3952 1371 4015 spec·

231 4034 347 4114 tamus,
371 4035 404 4095 et
426 4032 588 4097 laudabile
608 4037 641 4098 et
660 4033 771 4098 efficax
794 4034 955 4118 imprimis
978 4057 1048 4100 esse
1071 4036 1305 4121 intellegimus,
1326 4040 1369 4100 at-

230 4160 291 4222 que
314 4138 361 4202 ita
384 4143 606 4223 comparatum
630 4144 667 4205 ut
689 4141 790 4205 animi
814 4163 886 4206 vere
914 4142 997 4228 regii
1028 4143 1169 4207 indolem
1199 4144 1367 4210 manifesto

230 4244 421 4311 documento
441 4250 586 4311 testetur.
619 4247 745 4331 Quippe
762 4270 828 4313 non
847 4252 914 4314 tam
933 4249 1013 4315 illud
1033 4250 1228 4334 suspicimus
1253 4254 1284 4315 et
1306 4251 1368 4314 lau·

229 4352 352 4436 damus,
372 4354 457 4437 quod
477 4355 608 4419 omnino
626 4354 748 4439 ingenii
767 4357 935 4422 exercendi
952 4357 1135 4441 viriumque
1154 4358 1367 4443 augendarum

230 4458 406 4525 utilissima
429 4482 508 4526 sane
531 4461 759 4546 opportunitas
783 4462 908 4528 civibus
932 4463 1122 4529 academicis
1141 4486 1200 4551 per
1219 4464 1298 4530 haec
1314 4484 1367 4528 no·
