2986 5010
435 357 698 407 uuarnsrrours
722 356 932 404 rnnvrrurs.
1191 339 1255 404 407

111 501 265 567 nimirum
289 502 479 587 trisyllabos
503 502 606 568 factas
631 524 648 566 s
672 500 932 586 quadrisyllabis.
955 537 992 546 —
1018 499 1170 565 Ceterum
1194 498 1257 564 etsi

108 610 172 674 seio
199 631 327 695 quoque
356 612 389 675 et
415 611 513 699 socom
541 609 781 694 monosyllaba,
814 611 850 674 ut
872 629 936 674 meo
959 609 1011 674 vel
1035 628 1149 685 meam,
1182 609 1256 672 ante

110 716 255 781 vocalem
278 716 472 801 aliquotiens
496 740 630 803 prorsus
654 717 859 800 devorantur,
882 720 992 781 tamen
1011 715 1186 800 diligenter
1204 735 1255 779 ca

110 823 249 888 vendam
273 827 401 907 estne,
424 824 509 909 quod
533 824 638 888 refelli
661 823 800 889 rationis
822 823 1016 888 necessitate
1038 825 1192 908 nequeat,
1215 819 1256 885 ad

111 927 301 993 elevandam
325 929 523 1015 elegantiam
546 930 847 1015 obscurandamque
875 931 1141 1015 perspicuitatem
1164 927 1255 994 adhi-

110 1036 234 1101 beatur.
274 1035 316 1115 Ei
340 1037 482 1103 cautioni
506 1060 579 1103 cum
603 1038 683 1103 alibi
707 1037 796 1103 locus
821 1042 871 1102 est
892 1040 962 1103 tum
986 1036 1074 1102 Trin.
1096 1059 1125 1102 v.
1139 1037 1183 1101 96
1198 1055 1255 1121 sq,

112 1164 250 1227 quorum
273 1165 424 1209 versuum
448 1144 509 1209 etsi
531 1143 616 1209 hanc
639 1144 883 1229 discriptionem

117 1288 119 1290 ’
198 1284 233 1351 Si
257 1285 289 1351 id
312 1288 378 1352 11611
401 1309 453 1351 me
476 1308 618 1372 accusas,
641 1290 710 1352 tdte
733 1286 803 1372 ipse
827 1285 1047 1370 obiurgandus
1070 1307 1114 1351 es.

199 1391 271 1458 Scio
296 1392 376 1457 etsi
396 1393 462 1459 ilia
480 1393 544 1459 huo
562 1415 660 1458 causa
679 1392 720 1458 ad
737 1396 771 1458 te
791 1392 917 1478 adueni,
937 1416 1074 1478 aequom
1092 1394 1253 1477 postulas:

106 1536 155 1601 ita
178 1534 330 1601 defendas
353 1536 429 1602 licet
414 1541 525 1602 tcum
539 1535 653 1603 Wasio
676 1560 707 1621 p.
724 1537 797 1623 112,
819 1541 856 1602 nt
878 1538 991 1603 scioet
1012 1560 1071 1622 pro
1095 1559 1159 1601 una
1183 1558 1254 1602 esse

110 1642 238 1727 syllaba
266 1641 368 1726 dicas,
401 1642 433 1707 id
462 1642 591 1728 quodi
590 1645 643 1708 act
643 1666 698 1708 um
723 1647 774 1709 est
796 1642 950 1728 alibi(ut
936 1642 1057 1708 t.Men
1080 1641 1138 1728 IV,
1161 1644 1195 1727 3,
1219 1643 1253 1706 3.

106 1747 183 1814 Scia
210 1750 286 1832 qaid
312 1749 459 1832 estquod
479 1770 531 1832 eqo
553 1749 596 1815 dd
619 1755 645 1815 te
667 1750 780 1815 creato?
812 1749 928 1815 Scio
908 1757 942 1816 at
930 1751 1020 1815 tlibi
1041 1772 1078 1816 ca
1100 1771 1148 1816 nce
1168 1747 1252 1837 nist)

106 1855 225 1942 uolap),
248 1859 356 1921 tamen
381 1878 478 1940 quam
501 1855 669 1922 fallant
626 1860 669 1921 sit
691 1857 913 1922 insolentioris
933 1856 1055 1941 asperit
1041 1856 1119 1921 tatis
1138 1878 1252 1942 appro

105 1963 211 2047 batio,
240 1963 291 2027 vel
314 1963 395 2028 illud
420 1962 514 2029 docet
538 1964 638 2049 quod,
661 1986 733 2030 cum
757 1963 836 2028 alibi
859 1985 879 2028 a
901 1963 995 2028 nobis
1020 1964 1147 2028 demum
1171 1962 1252 2028 eius·

106 2069 193 2134 modi
216 2071 279 2136 scio
303 2069 343 2134 ab
367 2091 415 2153 eo,
439 2071 491 2135 cui
514 2070 549 2135 in
572 2071 665 2136 libris
689 2071 930 2156 agglutinatum
954 2074 1012 2155 est,
1034 2093 1129 2135 versu
1153 2071 1251 2135 divel-

106 2176 237 2242 lendum
262 2176 305 2240 sit
328 2180 456 2241 etcum
480 2176 635 2262 contiguo
660 2175 862 2260 sociandum,
890 2177 947 2242 illo
972 2177 1043 2242 loco
1065 2177 1127 2242 seio
1149 2176 1251 2261 priori

106 2283 214 2348 versui
238 2283 271 2348 in
293 2282 366 2368 ipso
384 2284 419 2350 B
442 2280 658 2370 adhaeret.**)
691 2282 775 2348 Item
799 2305 827 2348 v.
842 2284 906 2349 937
931 2288 968 2349 ut
991 2284 1118 2350 defendi
1143 2285 1252 2369 aliqua

104 2391 230 2457 ratione
249 2391 365 2476 possit,
388 2390 473 2475 quod
492 2390 556 2456 fuit
578 2390 633 2476 qui
656 2395 858 2476 proponeret,
880 2391 962 2474 quod
978 2413 1034 2475 coo
1047 2393 1144 2458 sciam
1161 2391 1252 2475 diocte

102 2497 153 2563 bio
184 2497 313 2576 motat,
347 2501 456 2563 tamen
486 2498 590 2562 malae
623 2501 751 2563 tantum
778 2498 1044 2584 interpretationi
1072 2499 1151 2578 haec
1178 2486 1251 2586 ipsa

105 2604 246 2670 mutatio
269 2604 410 2670 debetur.
457 2603 543 2670 Nam
567 2627 639 2670 cum
662 2605 790 2689 integer
812 2627 924 2670 versus
947 2606 1001 2671 hio
1024 2606 1080 2670 sits

194 2746 266 2830 Qui,
285 2749 414 2833 egomet
430 2747 515 2813 unde
534 2746 673 2832 re‘deam,
690 2746 776 2812 huno
792 2748 940 2832 rogitem,
958 2769 1054 2833 qnae
1072 2748 1133 2832 ego
1148 2747 1249 2813 sciam
1375 2800 1381 2812 .

904 2858 999 2937 atque
1022 2852 1075 2919 hic
1098 2855 1235 2920 nesciat:

105 2979 202 3044 facile
232 2979 432 3064 intellegitur
461 2998 527 3042 non
557 2978 638 3042 illud
669 3000 770 3043 unum
793 2976 999 3071 Charmidem
1027 2979 1186 3044 sciscitari
1214 2980 1248 3045 in

103 3107 168 3170 quo
197 3086 269 3151 loco
297 3089 498 3171 postremum
526 3087 744 3150 commoratus
768 3087 812 3150 sit
836 3085 1052 3169 sucophanta,
1085 3086 1141 3151 sed
1165 3108 1247 3170 quae

103 3193 177 3259 loca
206 3197 280 3258 ante
310 3193 450 3258 reditum
481 3214 576 3257 suum
605 3193 839 3279 peragraverit:
877 3214 978 3277 eoque
1008 3192 1143 3276 pluralis
1170 3215 1248 3276 occec

102 3302 235 3384 spectat

192 3405 326 3469 Praeter
342 3406 356 3469 a·
373 3404 518 3471 litteram
541 3406 713 3491 synizesim
731 3428 748 3471 c
766 3410 799 3470 et
816 3429 838 3471 a
856 3406 983 3472 vocales
1007 3407 1149 3472 ascivere
1173 3408 1245 3474 aliis
1260 3438 1357 3478 enm

103 3512 271 3578 vocalibus
294 3511 485 3596 insidentes,
518 3517 551 3577 st
573 3535 589 3579 e
611 3513 739 3598 quidem
761 3536 828 3579 non
851 3514 885 3578 in
907 3514 1093 3579 nominibus
1116 3517 1246 3579 tantum

101 3622 192 3685 deas
209 3640 308 3683 meus
330 3622 363 3683 et
385 3620 529 3684 isidem
553 3621 778 3704 pronominum
797 3621 911 3687 formis
931 3618 1166 3706 omnibus***),
1190 3620 1246 3686 sed

102 3725 202 3790 etiam
229 3724 264 3788 in
291 3726 337 3790 irc
366 3725 456 3790 verbi
483 3726 597 3792 formis
621 3727 699 3793 item
723 3727 888 3793 omnibus:
921 3750 958 3793 eo
989 3750 1066 3793 eom
1095 3750 1156 3794 cas
1187 3734 1247 3793 cat

101 3853 226 3897 comas
249 3830 292 3918 (v.
318 3830 418 3917 1078)
440 3834 535 3898 catis
556 3838 645 3898 eant
667 3837 700 3899 et
722 3840 815 3899 caat.
852 3835 923 3911 Quo
947 3835 1070 3899 firmius
1094 3835 1175 3901 illud
1198 3839 1244 3899 te·

100 3939 255 4022 nendum,
282 3959 461 4024 numquam
489 3940 629 4004 similem
658 3941 912 4007 contractionem
940 3941 991 4005 vel
1020 3941 1054 4006 in
1086 3942 1244 4007 secundae

208 4114 234 4184 ⁸)
254 4115 342 4188 [Seio.¹
361 4116 412 4170 tibi
429 4132 463 4170 es
480 4132 521 4170 mc
539 4120 570 4169 at
587 4116 624 4170 ait
642 4114 671 4169 iu
687 4115 822 4172 editione:
842 4116 876 4174 ci.
893 4116 994 4186 Opusc.
1010 4115 1243 4190 paulipser]

188 4203 232 4274 ²²¹⁸)
251 4203 304 4276 [cf.
324 4204 424 4276 Opusc.
443 4203 513 4274 phil.
533 4204 559 4258 Il
577 4221 605 4274 p.
625 4208 741 4277 ditem]

177 4292 234 4363 m)
253 4294 334 4361 Quod
348 4292 400 4350 etsi
415 4293 502 4350 etiam
516 4294 553 4349 ad
567 4294 724 4363 composita
738 4300 820 4350 cama
834 4297 863 4351 et
871 4302 970 4366 postea
987 4295 1130 4366 pertinuit,
1148 4297 1243 4352 tamen

100 4382 271 4454 aliquotiens
294 4384 406 4440 illorum
430 4384 576 4440 inlocum
604 4389 667 4439 aare
694 4386 723 4440 et
744 4384 904 4456 ignoratum
927 4385 1012 4457 vulgo
1029 4391 1126 4456 poste
1143 4386 1243 4442 substi-

100 4473 206 4529 tuenda
224 4489 284 4530 asse
303 4473 370 4528 olim
389 4473 522 4545 probabo.
560 4472 615 4546 [Ol.
635 4473 735 4545 Opusc.
754 4473 823 4546 pbil.
842 4476 868 4530 11
886 4493 913 4547 p.
933 4475 1069 4549 541⁸qu
