2910 5010
244 341 308 404 678
621 358 855 405 narnnuscna
879 351 1006 404 runnu.

243 501 352 565 inhia
375 501 496 585 nostris
520 501 788 566 universitatibus
812 501 1075 586 coniungantur?
1111 501 1232 587 Itaque
1257 504 1394 567 breviter

244 601 374 672 —scio
394 607 480 672 enim
500 613 536 673 ut
554 609 694 673 maxime
713 609 826 672 breves
846 608 926 691 sint,
944 608 993 672 ita
1010 609 1153 673 maxime
1178 609 1243 674 has
1266 611 1394 693 probari

244 714 407 779 orationes
426 751 470 762 —
490 715 630 779 breviter
648 715 750 799 igitur
769 714 969 800 significabo,
988 737 1053 799 qua
1072 715 1155 780 mihi
1176 717 1232 781 via
1251 716 1349 781 simul
1366 721 1395 781 et

243 821 450 887 incommoda
469 821 578 887 omnia
596 821 755 886 removeri
779 826 813 887 et
831 823 941 886 omnia
964 823 1071 906 parari
1095 822 1274 889 commoda
1298 824 1394 889 conci·

244 930 380 1013 liarique
399 930 584 994 felicissime
602 929 781 994 videantur.
814 928 989 994 Tollendae
1004 934 1080 994 sunt
1103 935 1224 996 nostra
1248 932 1394 1016 opinione

245 1036 427 1103 academiae
452 1057 598 1100 seorsum
621 1034 819 1101 constitutae
843 1036 931 1101 etin
950 1036 1183 1102 universitates
1204 1039 1394 1103 transferen

245 1145 314 1228 dae,
338 1148 371 1208 et
395 1142 442 1207 ita
462 1143 593 1227 quidem
612 1141 864 1226 transferendae,
888 1147 924 1206 ut
943 1147 976 1226 et
994 1142 1144 1228 singulae
1164 1145 1393 1211 universitates

244 1268 319 1317 suas
334 1250 476 1316 babeant
491 1249 646 1332 speciales
662 1249 843 1315 academias
858 1254 891 1314 et
905 1249 967 1315 hae
977 1251 1115 1315 totidem
1130 1256 1246 1336 partes
1257 1253 1395 1317 efficiant

248 1358 343 1422 unius
372 1355 534 1442 generalis
565 1356 764 1440 academiae,
795 1357 828 1420 in
852 1379 948 1440 quam
972 1361 1143 1441 tamquam
1167 1359 1394 1425 incommune

245 1486 362 1547 corpus
402 1462 564 1546 quoddam
602 1462 749 1547 singulae
787 1463 978 1528 coalescant
1035 1460 1253 1547 Oooptandos
1292 1471 1395 1532 antem

245 1571 361 1635 harum
392 1570 495 1635 socios
528 1569 767 1634 academiarum
796 1591 834 1634 ex
860 1570 900 1634 iis
923 1569 1133 1653 potissimum
1156 1572 1396 1656 professoribus

247 1700 430 1759 censemus,
458 1676 513 1760 qui
537 1680 711 1760 postquam
735 1698 794 1759 per
817 1680 868 1741 sat
891 1677 1141 1742 multos‘annos
1165 1679 1200 1743 in
1227 1681 1396 1747 erudienda

249 1783 512 1867 instituendaque
535 1783 702 1848 iuventute
726 1783 827 1848 vitam
852 1783 997 1868 viresque
1021 1792 1315 1871 consumpserunt,
1337 1788 1396 1852 iam

248 1892 331 1956 nihil
356 1891 481 1955 valdius
506 1893 670 1975 exoptent,
697 1913 794 1975 quam
817 1894 854 1955 ut
876 1891 912 1955 in
935 1891 1055 1955 litteris
1074 1891 1139 1956 toti
1157 1892 1317 1959 habitent
1335 1917 1394 1960 eas·

237 2020 309 2084 que
338 1998 468 2082 scriptis
497 1996 699 2061 illustrantes
728 1997 843 2062 maiori
873 1998 907 2062 in
934 2001 1102 2081 posterum
1131 1999 1233 2063 saluti
1262 2000 1330 2065 sint
1354 2001 1395 2064 rei

249 2107 413 2191 publicae,
445 2126 543 2188 quam
576 2104 712 2169 docendi
744 2126 844 2188 opera
874 2104 985 2169 eodem
1018 2126 1082 2189 quo
1115 2106 1259 2172 antehae
1292 2108 1396 2173 labore

250 2214 384 2298 parique
414 2211 532 2275 virium
563 2211 743 2276 intentione
774 2211 970 2276 continuata.
1015 2210 1085 2277 Nec
1115 2213 1206 2277 enim
1235 2216 1396 2299 voluptate

251 2319 385 2386 docendi
410 2317 557 2383 exclusos
581 2317 741 2401 volumus,
766 2317 822 2382 sed
845 2319 1036 2383 necessitate
1059 2319 1222 2386 liberatos
1246 2323 1396 2387 eiusdem-

251 2448 312 2512 que
336 2425 498 2490 libertatis
518 2426 676 2490 felicitate
696 2425 820 2509 beatos,
842 2447 906 2509 qua
924 2424 1020 2491 hodie
1040 2426 1285 2493 academiarum
1305 2430 1395 2495 sociis

251 2535 345 2599 licet
367 2535 401 2597 in
426 2553 464 2598 eo
488 2552 619 2617 genere,
642 2532 727 2616 quod
749 2532 897 2617 placet:
921 2555 1058 2617 quorum
1082 2555 1150 2598 non
1169 2557 1295 2619 paucos
1320 2537 1396 2602 vide

252 2665 322 2706 mus
347 2663 364 2705 e
388 2662 446 2704 sua
469 2660 628 2722 quemque
652 2639 824 2723 disciplina
847 2644 988 2723 tantum,
1012 2644 1169 2724 quantum
1195 2644 1395 2710 commodum

253 2753 312 2832 est,
336 2748 495 2812 arbitratu
520 2768 578 2810 suo
598 2747 755 2811 delectum
776 2746 916 2830 publicis
935 2746 1186 2812 universitatum
1207 2750 1330 2816 scholis
1348 2750 1395 2814 ob

252 2855 437 2921 lectationis
462 2875 577 2917 caussa
601 2851 703 2917 doctis
728 2852 989 2917 adulescentibus
1014 2853 1225 2937 explicantes.
1262 2856 1316 2922 lta
1338 2858 1396 2938 fiet,

252 2967 287 3028 ut
320 2966 353 3026 et
383 2981 576 3026 aerumnoso
607 2960 711 3025 labori
742 2963 910 3044 tamquam
940 2961 1083 3025 debitum
1112 2963 1299 3046 praemium
1329 2985 1394 3028 cunr

251 3069 466 3134 honorificum
490 3071 559 3131 tum
583 3066 783 3131 fructuosum
807 3068 910 3133 otium
929 3068 1132 3152 concedatur,
1155 3073 1191 3133 et
1214 3070 1249 3134 in
1273 3071 1395 3136 flacces-

253 3177 392 3242 centium
422 3174 656 3257 magistrorum
684 3174 790 3238 locum
815 3173 1085 3239 efflorescentium
1109 3174 1286 3241 doctorum
1311 3177 1396 3261 vigor

252 3283 406 3349 continuo
430 3278 541 3345 ordine
561 3280 666 3344 suffici
684 3281 798 3364 possit,
822 3300 942 3365 magno
961 3281 1215 3347 universitatum
1235 3306 1395 3349 senescen-

253 3392 335 3455 tium
359 3387 539 3469 commodo,
563 3408 628 3450 non
652 3387 753 3452 nimio
776 3387 979 3453 incommodo
999 3388 1126 3471 aerarii,
1146 3389 1311 3474 siquidem
1330 3413 1395 3456 cum

252 3498 324 3580 ipso
349 3494 586 3559 academiarum
610 3493 761 3558 instituto
782 3494 954 3559 earundem
973 3495 1095 3559 reditus
1115 3495 1150 3558 in
1168 3497 1395 3563 universitates

253 3603 498 3668 distribuuntur.
546 3599 649 3665 Simul
679 3593 807 3666 dolendi
835 3624 950 3667 caussa
973 3602 1130 3687 cessabit,
1156 3607 1210 3669 tot
1233 3606 1395 3690 praeclara

254 3708 388 3793 ingenia
417 3712 449 3772 et
477 3707 516 3772 ad
546 3707 647 3772 bonas
678 3712 763 3772 artes
793 3709 986 3774 excolendas
1014 3713 1091 3774 nata
1119 3733 1139 3774 a
1161 3711 1266 3776 nobili
1292 3712 1395 3778 acade

254 3816 393 3880 mierum
426 3814 588 3879 industria
620 3815 803 3880 necessario
837 3817 965 3881 exclusa
993 3838 1076 3881 esse:
1114 3817 1314 3901 quibuscum
1341 3819 1395 3885 etsi

254 3944 339 3986 nunc
366 3922 500 3986 honoris
528 3921 643 3987 titulos
673 3926 821 4006 possunt,
855 3943 922 3987 non
949 3929 1087 4007 possunt
1109 3924 1296 3991 studiorum
1319 3948 1396 3992 com·

254 4027 410 4092 mercium
434 4026 686 4112 societatemque
709 4028 857 4094 laborum
882 4030 1126 4114 communicare,
1148 4031 1233 4115 ipsis
1256 4033 1395 4099 locorum

254 4134 434 4199 intervallis
458 4132 709 4219 refragantibus.
750 4134 843 4199 Vnde
868 4156 1067 4220 consequens
1092 4141 1143 4201 eat
1164 4141 1204 4202 ut
1227 4161 1341 4225 reapse
1363 4162 1396 4203 ex

254 4241 294 4306 iis
319 4263 403 4306 nunc
428 4240 610 4306 academiae
629 4246 838 4308 concrescant
856 4243 1011 4309 litteratis
1029 4244 1230 4330 hominibus,
1254 4249 1309 4332 qui
1328 4269 1396 4313 casu

255 4349 360 4432 magis
384 4350 418 4413 in
442 4370 539 4413 unam
563 4349 675 4413 urbem
699 4349 829 4415 conflati
852 4373 949 4436 quam
969 4351 1105 4416 consilio
1125 4356 1300 4420 convocati
1319 4377 1400 4446 comj

256 4455 363 4523 munis
387 4455 543 4521 domicilii
567 4456 812 4544 opportunitate
835 4460 978 4525 utuntur.
1011 4456 1100 4534 Quae
1124 4459 1224 4525 nrbes
1249 4483 1314 4547 quo
1337 4484 1399 4527 am·
