3014 5018
588 341 669 386 vttl'r
694 342 840 388 wllsstut
864 343 926 389 Ans
951 342 1092 390 DOCENT
1153 367 1162 388 ι

520 478 664 548 Continet,
683 482 714 535 at
732 499 829 537 verum
847 482 1003 553 relligionis
1022 500 1105 552 opus:

483 567 535 623 Illo
554 568 622 637 quid
640 570 733 639 potuit
751 571 840 642 magis
858 571 993 627 disertum

517 657 603 714 Esse?
640 658 663 713 Ο
681 659 788 729 ingenii
806 660 899 730 gratia
916 677 1020 731 magna
1037 661 1091 716 tui!

480 747 558 804 Naso
577 748 617 804 sic
635 748 761 817 loquitur
780 750 883 806 Tomos
901 751 979 806 adire

516 838 581 894 Non
599 838 690 893 iussus
709 855 761 893 nec
781 839 872 895 adhuc
891 839 1017 896 Caesaris
1034 841 1078 896 irc
1095 841 1162 911 fuit3

481 927 527 982 Sic
545 927 659 982 doctum
677 927 760 983 video
779 928 857 997 loqui
877 929 1031 998 Catullum

517 1017 564 1072 Sic
582 1019 626 1071 est
644 1017 805 1072 Ithomanus
825 1035 929 1088 sermo,
948 1019 1073 1091 Tibulle,
1091 1023 1170 1090 tuus3

449 1145 451 1149 ,
480 1105 527 1161 Sic
545 1105 642 1161 Ituffus
660 1105 766 1162 nitidus
785 1106 1002 1178 Propertiusqne

515 1195 687 1266 Suaviloqna
704 1196 808 1253 faciles
820 1214 887 1253 voce
907 1198 1008 1254 dedere
1026 1200 1138 1269 modos;

479 1286 556 1341 Talis
575 1286 705 1342 Nestorei
723 1287 798 1342 senis
817 1287 930 1356 loquela

513 1374 628 1430 Dulcior
646 1375 755 1445 Hybleo
774 1377 856 1431 fluxit
873 1376 910 1432 ab
929 1393 975 1432 ore
994 1378 1073 1444 fav03

478 1465 515 1520 Et
532 1464 604 1520 tales
623 1482 754 1520 numeros
771 1465 851 1522 dedit
868 1466 999 1535 Pericles,

514 1554 546 1608 In
565 1554 643 1609 cuius
662 1554 749 1609 labris
767 1555 851 1611 Pitho
870 1572 973 1612 canora
991 1556 1053 1611 fuit.

477 1642 548 1698 Tam
567 1642 658 1697 clarus
677 1642 770 1698 Siculo
790 1661 873 1699 sonus
891 1644 1029 1715 profundo

410 1796 412 1800 Α
512 1731 657 1787 continuit
674 1730 791 1786 miseras
810 1732 841 1786 in
858 1751 908 1787 sua
926 1733 1030 1788 damna
1047 1735 1136 1800 rates3

476 1820 522 1875 Sic
540 1821 654 1876 tandem
674 1821 820 1888 querulum
839 1821 901 1891 lyra
919 1821 1012 1877 ciebat
1238 1892 1243 1902 .

511 1911 638 1965 Murmur
655 1909 691 1980 ad
710 1908 816 1976 Ionias,
834 1909 934 1965 doctus
954 1911 1052 1980 Arion,
1071 1928 1173 1980 aquas3

475 1999 546 2054 Tam
564 1998 646 2054 dulce
665 1999 787 2054 Ismariis
806 2002 891 2070 poeta
908 2001 938 2055 in
956 2001 1011 2056 oris

510 2089 625 2158 cantat,
644 2106 730 2157 quum
749 2087 836 2144 subiit
853 2089 913 2145 fata
931 2092 1059 2160 cruenta,
1077 2091 1179 2160 melos3

476 2179 536 2234 Nec
555 2177 647 2234 foenix
666 2176 744 2233 aliod
762 2194 832 2248 rogo
850 2177 1032 2249 propinquus,

511 2267 574 2322 Non
593 2265 670 2321 aliud
688 2253 790 2321 recinit
806 2266 903 2322 funere
922 2284 1034 2324 carmen
1053 2267 1134 2325 Olor:

474 2357 564 2423 Quem
584 2357 637 2412 hoc
655 2355 805 2425 quodiam
824 2355 922 2412 Latiae
940 2357 1032 2413 nitore
1050 2358 1165 2429 linguae

507 2446 647 2515 Pastoris,
665 2444 790 2500 Hessiaci
808 2444 885 2501 fama
903 2446 1043 2516 decusque
1062 2447 1123 2505 soli

472 2536 546 2608 Ergo
565 2538 732 2607 perpetuum
750 2534 823 2591 seres
842 2536 978 2592 honorem

507 2624 543 2680 Et
560 2628 611 2681 tua
629 2626 682 2679 erit
699 2625 777 2679 nullo
796 2624 877 2680 Musa
895 2626 1006 2696 sepulta
1024 2626 1100 2696 loco;

471 2715 600 2783 Namque
620 2714 693 2769 inter
710 2713 816 2769 nitidos
834 2713 888 2769 tibi
905 2718 1005 2785 poetas

506 2804 660 2861 Posteritas
678 2802 800 2874 primum
819 2803 869 2858 dat
887 2805 1047 2860 veneranda
1066 2805 1193 2876 gradum,

471 2895 588 2951 Necnon
606 2896 707 2949 cuncta
725 2892 803 2964 leget
820 2893 903 2947 nimis
921 2893 1084 2963 frequenter

506 2984 601 3040 Divite
619 2984 654 3039 de
673 3000 745 3039 vena
765 2998 837 3051 quae
855 2981 909 3036 tibi
928 2982 1033 3052 scripta
1050 2982 1148 3038 fluunt

468 3074 511 3128 Tu
530 3073 589 3128 Viti
607 3074 715 3129 interea
732 3089 840 3128 memor
858 3071 971 3141 sodalis,

505 3164 567 3229 Quo
584 3163 638 3219 tibi
656 3180 712 3217 non
730 3163 804 3218 alter
821 3161 943 3217 iunctior
960 3179 1022 3218 esse
1040 3164 1144 3233 potest,

469 3253 515 3307 Sic
534 3253 643 3323 comple
662 3251 772 3322 Pyliam
790 3251 839 3306 diu
858 3254 1001 3307 senectam

504 3342 541 3397 Et
558 3342 673 3412 capiant
691 3341 758 3396 anni
776 3344 906 3411 tempora
922 3339 1009 3412 longa
1027 3342 1082 3408 tui;

467 3432 535 3485 Post
553 3431 628 3487 vitae
647 3431 774 3502 spacium
793 3430 869 3485 Deus
888 3446 938 3501 par
955 3447 1056 3485 aevum

504 3521 560 3577 Det
576 3522 664 3576 tanus
683 3520 791 3576 meritis
811 3536 928 3575 munera
946 3519 1033 3591 digna
1050 3521 1115 3578 tuis.

466 3612 526 3666 Hoc
546 3614 644 3681 prote
663 3609 788 3680 rogitant
805 3626 875 3680 puer
894 3625 1042 3679 senexque,

501 3700 577 3755 Haec
597 3701 684 3756 etiam
703 3700 763 3755 voti
782 3716 904 3768 summa,
923 3699 1050 3768 Ecbane,
1070 3699 1125 3755 mei
1143 3704 1195 3755 est

325 4020 370 4091 [ln
383 4022 455 4076 eben
468 4021 575 4076 diesem
588 4021 683 4076 Buche
696 4021 747 4076 des
761 4021 893 4076 Eobanus
911 4021 988 4076 steht
1000 4021 1074 4075 nach
1088 4019 1166 4075 alsa
1176 4027 1225 4075 106
1240 4022 1328 4091 (Cust
1337 4023 1399 4090 VH)

253 4110 305 4164 nui
321 4111 389 4164 wei
406 4109 486 4165 nicht
502 4111 674 4166 numerirteu
693 4112 821 4166 Blattern
839 4109 927 4180 (Sign.
941 4108 991 4164 des
1008 4112 1102 4164 ersten
1115 4110 1237 4167 Blattes:
1256 4110 1334 4180 Vlll)
1353 4113 1399 4167 ein

252 4199 373 4253 uenient.
390 4217 443 4253 von
464 4201 594 4255 cosanus
613 4217 649 4255 m
668 4180 930 4267 uerierfweieaa
949 4198 1022 4253 sucu
1040 4198 1094 4253 mit
1110 4198 1224 4271 einigen
1241 4200 1397 4256 viamen

252 4287 419 4341 wiederholt
441 4288 480 4343 ist
501 4290 529 4344 in
553 4292 617 4345 dem
638 4290 748 4345 [lincke
776 4288 868 4344 ‘Helii
886 4288 996 4344 Ecbani
1012 4288 1096 4343 fimi
1114 4289 1279 4359 Farragines
1303 4288 1393 4344 duae’

252 4377 342 4431 Halae
360 4377 443 4433 Suev.
464 4386 531 4432 1539
555 4380 606 4434 aul
622 4379 681 4435 Fol
700 4379 775 4434 ‘243¹’
793 4380 836 4433 bis
856 4378 929 4432 tw
948 4378 1001 4431 mit
1017 4377 1082 4433 (lem
1102 4377 1191 4433 titel:
1220 4377 1275 4433 ‘Ad
1297 4378 1394 4433 Vitam

251 4465 416 4522 t‘uerlerum
439 4466 573 4523 virtutem
601 4470 724 4526 invidiae
748 4467 898 4525 obnoxiam
922 4468 1003 4523 esse?
1040 4468 1089 4524 Ich
1112 4467 1187 4525 lasse
1209 4467 1281 4525 anch
1304 4467 1395 4524 dieses
