2986 5010
232 354 299 418 440
520 369 855 418 Paouuoousuaua
878 369 1088 417 anriouiavs

234 514 426 580 documento
451 535 520 580 esse
543 515 695 598 possunt,
719 512 860 577 severius
884 535 981 598 quam
1005 512 1111 577 verius
1136 512 1181 579 sic
1205 513 1321 595 statui,
1346 516 1385 577 ut

233 620 383 706 proxima
410 625 486 706 post
514 621 653 685 solutam
683 620 782 685 arsim
812 620 940 704 syllaba
967 620 1149 686 necessario
1178 641 1247 685 esse
1278 620 1385 703 longa

107 810 109 812 q
234 727 368 793 dicatur.
413 727 476 793 Est
499 751 537 793 ea
560 728 747 812 plerumque
771 729 883 814 longa:
907 727 964 792 sed
985 749 1044 793 nec
1066 728 1296 793 necessitatem
1319 727 1385 793 hoc

233 835 334 899 habet
355 855 415 899 neo
439 834 537 899 aliam
560 855 722 917 caussam,
751 856 845 919 quam
875 833 962 919 quod
983 834 1120 921 omnino
1148 834 1181 898 in
1205 832 1384 899 trochaicis

233 940 399 1006 tribracho
428 941 524 1027 longe
553 940 756 1025 frequentior
778 945 829 1006 est
851 944 1061 1025 anapaestus,
1092 942 1127 1004 in
1150 940 1300 1006 iambicis
1325 941 1385 1004 tri-

234 1048 353 1113 bracho
377 1048 514 1132 ipsoque
537 1048 647 1113 iambo
670 1048 870 1133 frequentior
894 1047 1054 1132 spondeus
1079 1048 1130 1112 vel
1154 1047 1314 1130 dactylus.

323 1154 460 1219 Perraro
499 1159 606 1220 autem
643 1155 943 1239 monosyllaborum
980 1154 1113 1219 licentia
1153 1153 1213 1218 illa
1252 1153 1386 1218 videtur

234 1240 333 1327 etiam
357 1261 398 1326 ad
421 1260 630 1345 polysyllaba
652 1261 814 1327 translata
838 1283 919 1326 esse.
964 1259 1040 1326 Non
1064 1260 1200 1325 Plautus
1223 1260 1302 1343 fuit,
1327 1262 1385 1326 sed

234 1367 394 1434 recentior
423 1368 554 1453 aliquis,
571 1381 572 1385 ’
587 1391 607 1432 a
634 1390 697 1453 quo
726 1367 807 1451 prol.
831 1367 926 1432 Mero.
954 1368 994 1432 13
1017 1368 1087 1432 uidi
1107 1367 1259 1432 curatores
1280 1368 1386 1448 facere

235 1474 415 1561 profectum
439 1496 509 1539 esse
532 1496 598 1539 non
621 1497 719 1539 ausus
743 1497 815 1539 sum
839 1494 957 1559 negare
981 1472 1147 1559 Parergon
1169 1496 1199 1557 p.
1227 1474 1277 1539 18.
1330 1473 1385 1538 Ab

235 1582 423 1648 Hermanno
446 1581 578 1666 probari
603 1581 695 1646 video
719 1586 904 1665 correptum
933 1582 967 1646 in
990 1579 1163 1646 bacchiaco
1183 1583 1264 1646 aute
1287 1603 1387 1647 voca·
1444 1646 1448 1651 ,,

235 1690 300 1754 lem
324 1689 530 1774 trisyllabum
553 1690 653 1772 copia
675 1687 771 1754 Poen.
795 1688 821 1774 Ι,
843 1690 874 1772 2,
898 1690 956 1755 31:

326 1831 424 1897 Sordr
446 1831 558 1917 cogito
581 1831 708 1915 amabo,
732 1831 811 1917 item
836 1842 895 1896 uos
919 1830 1091 1917 perhibe'ri.
1105 1826 1131 1838 '⁶

235 1976 322 2040 Hinc
345 1974 473 2041 defendi
496 1978 648 2059 potuerat
670 1974 705 2039 iu
728 1972 816 2039 Trin.
842 1975 920 2040 272:

325 2107 413 2182 Bdni
437 2117 500 2181 sibi
523 2116 604 2181 haee
627 2118 796 2205 expetunt:
820 2118 898 2199 rem,
920 2115 1020 2195 fidem,
1043 2117 1204 2202 bonorem,
1281 2181 1282 2187 ,

237 2265 273 2325 ut
295 2250 377 2325 edm
399 2260 449 2324 leo
479 2259 545 2323 siut
574 2281 633 2341 pro
663 2282 728 2323 una
758 2258 857 2344 longa
887 2260 948 2340 [sic
972 2257 1101 2341 Trin.²]:
1138 2261 1201 2325 nisi
1231 2261 1392 2345 perfacile

237 2369 312 2451 post
333 2388 381 2430 eru
404 2366 548 2430 excidere
571 2372 600 2431 ct
620 2366 772 2450 potuerit.
806 2364 846 2431 lu
859 2365 1078 2432 Mostellariae
1102 2389 1195 2432 versu
1219 2367 1277 2451 IV,
1289 2369 1321 2452 2,
1332 2371 1393 2435 33:

327 2506 413 2584 Quoi
434 2508 582 2573 homini?
618 2507 684 2573 PH.
710 2531 762 2573 ero
787 2510 913 2574 nostro:
945 2490 1077 2594 quaeso,
1101 2510 1251 2595 quotiens
1276 2510 1394 2577 dicun·
1441 2493 1444 2498 .

1090 2615 1199 2681 dumst
1223 2617 1287 2681 tibi

237 2781 302 2825 non
331 2763 406 2823 sunt
433 2780 493 2843 pro
522 2760 698 2842 anapaesto
722 2760 773 2822 -ui
793 2780 844 2822 oro
869 2759 1027 2841 syllabae,
1051 2759 1106 2823 sed
1128 2759 1164 2822 ai
1186 2758 1394 2845 producitur,

237 2890 302 2932 una
326 2870 433 2931 autem
458 2865 586 2950 syllaba
609 2865 837 2949 pronuntiatur
860 2887 918 2944 ero,
942 2866 1030 2930 utin
1050 2865 1260 2950 anapaestico
1282 2865 1393 2934 Stichi

237 2974 284 3056 ll,
310 2976 337 3058 1,
360 2976 416 3039 40:

288 3157 291 3166 ·
327 3115 433 3181 Nimis
456 3116 574 3181 uellem
597 3115 659 3180 hae
682 3115 768 3179 fores
791 3136 878 3179 mum
900 3116 1075 3201 frigissent:

238 3257 277 3321 de
301 3280 364 3341 quo
388 3279 458 3342 cap.
481 3257 528 3322 XI
553 3259 596 3342 [p.
620 3258 699 3339 394]
724 3257 854 3323 dictum.

327 3363 436 3448 Atque
463 3365 498 3428 hi
528 3363 656 3449 quidem
679 3364 789 3429 hiatus
812 3365 847 3429 in
875 3365 967 3448 arsi,
1000 3366 1028 3429 si
1053 3367 1147 3431 modo
1170 3367 1269 3450 fiunt,
1304 3369 1394 3434 fiunt

239 3493 363 3536 omnes:
387 3471 503 3556 quibus
528 3471 631 3537 multo
655 3471 753 3536 etiam
777 3471 968 3537 incertiores
993 3477 1069 3537 sunt
1088 3473 1143 3557 qui
1162 3472 1297 3539 admissi
1318 3497 1394 3542 esse

150 3601 224 3642 conr
238 3579 273 3642 in
297 3577 400 3643 thesi
424 3582 587 3662 putantur.
634 3578 661 3643 Ε
686 3578 803 3663 quibus
827 3579 933 3642 minus
957 3579 1166 3645 dubitationis
1190 3601 1291 3663 quam
1316 3583 1394 3647 reli·

240 3686 295 3769 qui
328 3686 377 3749 illi
409 3686 546 3769 habent,
578 3707 650 3750 eum
681 3685 908 3768 anapaesticae
940 3687 1106 3751 anacrusis
1136 3686 1226 3771 prior
1254 3688 1395 3772 syllaba

239 3793 470 3878 monosyllaba
493 3815 570 3857 voce
594 3797 723 3858 constat
741 3793 775 3859 in
795 3794 926 3878 longam
946 3793 1093 3859 vocalem
1112 3793 1281 3877 desinenti,
1305 3817 1394 3879 quae
1433 3791 1438 3800 ’

240 3904 315 3964 ante
339 3901 562 3985 insequentem
587 3901 740 3983 vocalem,
763 3901 819 3966 sed
842 3901 876 3965 in
895 3902 975 3986 ipsis
995 3901 1208 3985 anapaesticis
1227 3903 1395 3987 versibus,

240 4006 443 4091 corripiatur.
501 4007 753 4072 Assentiendum
792 4007 876 4073 enim
914 4007 1102 4072 Hermanno
1139 4007 1266 4071 videtur
1304 4010 1395 4075 tales

239 4114 458 4198 correptiones
481 4136 553 4178 cum
577 4113 669 4178 hiatu
693 4114 879 4179 coniunctas
903 4114 1086 4179 defendenti
1110 4111 1211 4178 Stichi
1226 4113 1274 4197 II,
1293 4118 1322 4199 1,
1338 4118 1395 4182 50.

241 4221 313 4284 Aul.
331 4220 388 4305 IV,
407 4223 438 4305 9,
456 4223 485 4286 3.
500 4222 529 4285 5.
553 4221 670 4286 Bacch.
688 4222 773 4287 1126
789 4222 914 4303 {1165}
941 4222 1025 4287 1162
1042 4221 1171 4303 [1199]:

330 4362 413 4438 Quid
438 4364 521 4428 istrie
545 4364 616 4428 est?
664 4362 751 4439 Ques
775 4365 808 4427 ul
833 4364 907 4428 edes
932 4362 1104 4429 colubras?
1148 4413 1389 4432 ......

339 4520 523 4532 .....
564 4472 711 4555 equidem
735 4472 792 4554 qui
816 4493 887 4535 eam
911 4474 969 4535 aut
991 4471 1046 4536 ubi
1070 4470 1131 4535 sim
1155 4472 1213 4534 aiit
1235 4471 1295 4554 qui
1319 4474 1397 4541 sim.
