2992 5004
421 345 686 395 nnnuoamoum
710 345 921 393 rnnvunvsn.
1184 329 1248 394 359

100 492 239 575 pugnat,
274 489 359 573 quod
388 477 522 554 eandem
551 489 731 555 addidimus
760 490 994 576 apostrophum
1023 491 1056 554 in
1078 491 1178 573 potin’
1205 496 1250 570 ut,

99 597 193 663 sotih’
216 617 268 680 epo
291 619 320 661 v.
344 596 418 662 628.
443 597 517 663 759.
541 597 614 662 925.
641 598 735 664 1013.
762 599 862 683 1071,
886 598 940 663 ubi
964 597 997 661 id
1021 597 1142 681 eadem,
1166 620 1249 683 quae

99 707 135 772 in
158 704 225 770 illis
248 704 415 788 dissuasit,
443 704 527 769 ratio
552 704 679 769 suadet:
707 727 783 770 nam
807 706 928 790 probae
953 710 1030 770 sunt
1053 709 1085 770 et
1108 706 1249 772 usitatae

99 815 190 897 ipsae
212 813 313 878 eahae
328 812 437 895 potine
458 810 584 877 formae
607 811 648 896 (v.
667 814 751 877 1177
772 812 843 877 coll.
863 811 931 876 Mil.
951 811 1008 896 IV,
1028 814 1058 896 4,
1076 812 1144 897 41),
1167 835 1248 897 quas

100 921 248 1005 linguam
271 921 400 1006 praeter
422 919 531 983 aidane
553 919 643 984 ahiae
666 918 835 985 admisisse
858 941 925 984 non
949 924 1000 985 est
1023 921 1150 1004 mirum,
1175 942 1248 985 cum

33 1052 39 1071 ·
98 1027 161 1093 hoc
190 1027 321 1092 intersit
347 1026 432 1111 quod
459 1026 513 1092 hio
541 1027 654 1111 longa,
683 1026 790 1090 brevis
819 1026 885 1091 illic
913 1027 1034 1092 vocalis
1060 1022 1248 1094 s'litterain

99 1135 272 1221 praecedit.
316 1133 402 1200 Nam
431 1133 516 1219 quod
545 1137 634 1198 certa
662 1133 802 1218 quadam
831 1133 965 1199 licentia
993 1136 1112 1200 veteris
1136 1157 1247 1220 proso·

100 1243 171 1309 diae
200 1243 299 1308 etiam
322 1244 416 1308 uiden
438 1242 513 1307 ahia
536 1237 728 1327 (numquam
750 1243 861 1327 auden,
884 1241 997 1329 andin)
1022 1247 1170 1327 correpta
1192 1266 1247 1308 vo-

98 1353 162 1417 cali
181 1349 392 1436 pronuntiata
411 1354 496 1433 sunt,
515 1349 548 1413 id
567 1348 607 1414 ad
626 1350 825 1434 primitivam
844 1354 994 1415 naturam
1014 1350 1083 1414 eius
1103 1349 1247 1434 syllabae

100 1459 183 1524 nihil
210 1457 361 1543 pertinet.
406 1456 513 1542 Igitur
541 1460 579 1520 ut
604 1458 803 1541 complectar
830 1457 868 1522 de
897 1479 935 1522 he
956 1457 1118 1542 particula
1141 1457 1247 1542 dispu-

98 1569 179 1650 tata,
196 1564 275 1631 illud
295 1563 414 1646 studui,
429 1567 465 1628 ut
482 1568 637 1649 quantum
657 1585 787 1648 possem
805 1563 920 1629 inutile
940 1565 1131 1649 apostrophi
1146 1566 1247 1630 artili-

98 1674 186 1739 cium
205 1671 356 1738 aPlanto
374 1693 507 1757 prorsus
525 1692 738 1737 removerem:
757 1693 821 1736 non
842 1694 939 1737 ausus
954 1677 1065 1737 tamen
1081 1674 1247 1758 expellere,

97 1780 155 1846 ubi
179 1780 286 1866 graeci
306 1780 406 1845 moris
426 1779 590 1844 affectatio
610 1779 710 1843 etiam
728 1783 840 1845 notam
860 1779 991 1845 Graecis
1006 1782 1178 1867 probatam
1197 1804 1246 1847 re·

96 1888 246 1971 quireret.
283 1887 373 1964 Quae
392 1908 511 1972 genera
535 1908 576 1951 ne
596 1886 776 1950 discernere
795 1886 924 1970 quidem
943 1887 1136 1973 potuissem,
1160 1890 1188 1953 si
1212 1890 1244 1953 in

95 1993 157 2060 hoc
171 1992 286 2058 vellem
300 1997 425 2061 veteres
445 1995 574 2059 criticos
588 1993 797 2079 Vergilianos
818 1995 918 2079 sequi,
937 2017 1017 2081 quos
1038 2018 1114 2062 sane
1130 1997 1245 2079 Aenei·
1260 2016 1325 2057 cvm

95 2100 145 2165 dis
168 2100 200 2166 X
222 2102 286 2167 668
309 2101 442 2186 (tahtoh'
460 2124 507 2167 me
524 2103 652 2168 emanire
670 2102 812 2187 dartana)
832 2103 988 2187 probasse
1009 2104 1245 2189 apostrophum

95 2231 112 2274 e
129 2208 296 2275 Diomedis
310 2233 340 2293 p.
355 2209 422 2274 430
445 2208 525 2291 [435
538 2209 602 2292 Κ.],
620 2209 825 2296 Priscianip.
843 2211 927 2276 1287
945 2211 1024 2292 [520
1039 2212 1103 2295 Κ.],
1122 2209 1244 2277 Donati

95 2339 126 2400 p.
157 2316 242 2381 1742
262 2315 341 2397 [372
360 2315 424 2400 Κ.],
456 2315 591 2381 Maximi
619 2315 781 2382 Victorini
808 2343 838 2404 p.
865 2319 950 2383 1944
979 2319 1058 2400 [194
1077 2317 1130 2401 K]
1155 2319 1245 2384 testi-

95 2424 215 2490 moniis
247 2425 462 2509 cognoscitur.
513 2423 636 2491 Verum
671 2424 792 2490 eisdem
825 2426 864 2491 de
896 2426 1033 2511 talibus,
1066 2427 1161 2512 quale
1194 2430 1244 2491 est

96 2537 205 2598 tanton
226 2531 348 2610 honore,
370 2531 403 2596 in
427 2531 574 2617 Vergilio
599 2533 733 2598 omnino
757 2534 992 2599 decernendum
1015 2555 1082 2599 non
1106 2537 1184 2600 erat.

183 2637 276 2704 Nihil
304 2641 413 2704 autem
441 2639 476 2703 in
502 2637 664 2704 Plautinis
693 2640 867 2705 comoediis
896 2641 996 2705 latius
1024 2643 1115 2723 patet
1145 2662 1242 2724 quam

93 2753 148 2813 est
175 2751 208 2811 et
234 2768 270 2812 es
296 2745 485 2812 vocularum
512 2745 752 2831 aphaeresis,
781 2770 878 2832 quam
906 2747 1052 2812 codicum
1080 2747 1115 2811 in
1143 2748 1242 2833 longe

94 2854 243 2940 plurimis
268 2852 423 2935 exemplis
447 2852 514 2917 sive
537 2852 730 2917 manifestus
758 2854 824 2917 sive
848 2852 945 2917 variis
969 2854 1162 2938 corruptelis
1187 2856 1241 2920 ob·

97 2960 245 3028 scuralus
275 2981 451 3025 consensus
481 2958 669 3042 postulabat
698 2964 736 3025 ut
763 2963 951 3024 constanter
977 2961 1049 3045 ipsa
1080 2963 1242 3046 scriptura

95 3071 354 3157 exprimeremus.
401 3064 500 3131 Cuius
533 3088 628 3131 usum
661 3070 747 3132 recte
779 3068 844 3130 iam
873 3067 1074 3132 Niebuhrius
1102 3069 1136 3133 in
1166 3092 1240 3136 con·

93 3181 206 3263 spectu
229 3173 482 3260 orthographiae
510 3173 630 3239 codicis
653 3172 820 3259 Vaticani,
848 3173 931 3239 unde
956 3171 1120 3241 Ciceronis
1144 3176 1183 3242 de
1206 3201 1240 3243 re

92 3285 225 3372 publica
246 3283 431 3368 fragmenta
454 3281 653 3367 prodierunt,
676 3281 757 3346 vidit
779 3281 878 3346 nullis
898 3283 1149 3349 constructionis
1169 3286 1239 3349 hni-

93 3394 154 3459 bus
177 3392 331 3477 coerceri,
351 3395 388 3455 ut
411 3411 477 3455 non
496 3390 602 3455 minus
622 3389 741 3455 usitate
763 3395 870 3471 caroea
890 3411 957 3455 aaa
979 3392 1085 3456 relicta
1108 3396 1141 3457 et
1162 3414 1240 3473 qaue

93 3506 188 3567 anast
208 3500 314 3566 relicto
333 3520 429 3583 quarn
453 3518 532 3580 qaae
552 3518 617 3562 εεα
640 3497 775 3563 relictast
797 3497 959 3563 dicantur:
982 3502 1020 3562 ut
1038 3521 1067 3563 v.
1082 3500 1147 3565 484
1166 3521 1240 3565 ceco

90 3608 149 3673 hoo
170 3612 328 3673 anamma
348 3607 414 3672 sine
441 3608 541 3671 sacra
562 3606 721 3672 hereditas.
767 3605 883 3690 Itaque
906 3607 988 3671 nihil
1012 3627 1145 3672 caussae
1169 3614 1240 3673 erat

91 3738 148 3781 cur
170 3738 200 3780 v.
223 3715 289 3781 319
317 3716 386 3780 sine
415 3714 585 3799 aphaeresi
614 3714 828 3779 scriberemus
858 3720 891 3778 ta
920 3714 1112 3780 sichimam
1135 3716 1238 3779 chisti

85 3825 193 3908 potius
219 3844 314 3906 wem
342 3824 468 3888 animus
495 3828 530 3906 te,
557 3828 602 3887 est
627 3823 709 3904 quod
731 3823 880 3905 caudeae,
908 3811 959 3886 vel
982 3844 1011 3886 v.
1035 3821 1100 3888 508
1124 3822 1238 3900 Philto,

90 3938 134 3998 est
155 3930 279 4015 aper*):
303 3930 359 3995 sed
377 3930 497 3995 talibus
517 3930 647 4014 quidem
665 3930 821 4014 exemplis
840 3929 1075 3996 admovendam
1093 3934 1238 4014 apostross

162 4125 191 4195 *l
215 4124 270 4195 [Ex
288 4123 463 4178 ⁴addendis
482 4141 508 4194 p
528 4137 659 4179 cccxxv:
685 4121 777 4177 ‘haud
800 4123 857 4178 ecio
884 4139 920 4178 an
942 4140 998 4179 ncn
1020 4123 1089 4178 sctis
1108 4123 1237 4193 probabi-

92 4215 159 4270 liter
177 4219 214 4269 ert
233 4213 311 4269 verbi
330 4213 505 4283 aphaeresim
524 4213 610 4269 etiam
625 4213 665 4269 eis
684 4211 819 4283 exemplis
838 4212 1014 4268 adhibuerim
1032 4213 1176 4282 inquibus
1191 4219 1237 4281 eet,

91 4305 124 4359 ut
142 4302 266 4358 breviter
284 4302 425 4368 definiam,
448 4318 504 4356 non
526 4301 603 4356 valet
620 4301 683 4369 lert,
703 4300 751 4355 sed
771 4303 838 4355 ἔετιε
861 4304 894 4355 ut
912 4320 937 4357 v.
957 4308 1017 4356 310.
1038 4306 1098 4357 508.
1131 4300 1237 4367 Quibus

91 4392 172 4464 paria
186 4395 251 4447 sunt
270 4392 368 4447 Bacch.
387 4392 434 4461 IV,
454 4398 480 4459 8,
499 4398 530 4445 51
551 4393 632 4446 immo
650 4395 688 4445 est
706 4405 818 4459 quoque,
836 4390 873 4445 ib.
895 4396 928 4445 74
946 4392 971 4445 si
990 4395 1036 4460 est,
1055 4389 1100 4446 cui
1119 4392 1236 4460 opponi-

89 4483 180 4537 tur-ai
196 4497 254 4536 aon
271 4482 329 4537 εει)
351 4505 385 4522 -’-
405 4487 442 4549 te,
460 4486 499 4536 cat
517 4483 546 4536 et
566 4481 667 4551 Philto,
686 4486 723 4535 est
742 4478 854 4548 scripsit
871 4478 1041 4535 Bitschelius
1059 4479 1089 4534 in
1108 4480 1150 4535 ed.
1171 4480 1233 4551 alt]
