2918 5004
257 362 323 426 630
634 354 867 404 LaamMSCHE
891 356 1022 403 REDEN.

258 524 389 587 operam
414 500 615 566 collocarunt
638 522 740 582 suam,
764 503 801 562 ut
828 498 1051 582 Androtienis,
1075 499 1288 564 Phanedemi
1312 501 1411 585 etqui

227 688 230 694 .
258 614 334 675 sunt
362 608 492 692 reliqui,
525 612 559 671 et
586 628 661 671 vero
690 605 944 671 clarissimorum
973 628 1081 670 rerum
1112 610 1292 690 gestarum
1316 613 1411 671 aucte

259 739 331 781 rum
355 714 497 800 Ctesiae,
520 714 658 799 Ephori,
685 713 900 798 Theopompi,
930 716 1101 799 praeterea
1125 713 1235 778 etiam
1266 715 1413 798 posterio-

260 846 330 888 rum
372 821 519 905 illorum,
560 821 615 905 qui
650 843 688 885 ex
725 820 1017 905 Peripateticorum
1054 821 1276 904 potissimum
1315 823 1414 888 schola

260 929 398 1016 prefecti
432 929 551 994 artium
584 928 890 1013 disciplinarumque
922 928 1097 993 historiam
1132 931 1307 1013 persecuti
1341 935 1414 1012 suut,

262 1038 464 1120 Aristoxeni,
487 1034 694 1119 Heraclidae,
722 1034 925 1117 Dicaearchi,
953 1035 1117 1119 Phaniae,
1146 1035 1324 1120 Clearclri,
1345 1037 1413 1102 Her-

260 1144 371 1229 mippi,
394 1141 632 1223 Eratosthenis,
656 1140 803 1226 alierum.
840 1140 891 1205 Ad
916 1141 1117 1226 eundemque
1137 1144 1280 1208 modum
1301 1149 1413 1228 postea-

261 1271 358 1334 quam
387 1250 530 1312 veterum
560 1247 826 1332 philosophorum
856 1248 978 1332 placita
1005 1248 1116 1313 studio
1149 1272 1193 1314 ex
1220 1252 1323 1336 longo
1345 1256 1412 1317 tem·

262 1378 340 1440 perc
365 1355 430 1420 fere
449 1376 626 1439 numquam
645 1354 830 1420 intermisso
850 1378 922 1421 cum
941 1356 1131 1441 philesophi
1153 1362 1413 1446 pervestigarunt

262 1469 332 1529 tum
355 1463 528 1548 philologi,
557 1463 740 1547 nuperrime
765 1463 905 1528 eiusdem
929 1463 1110 1528 industriae
1134 1469 1332 1534 communio
1354 1492 1411 1534 coe

263 1571 313 1656 pit
341 1569 441 1635 etiam
470 1569 510 1634 ad
539 1575 706 1635 oratorum
734 1570 934 1655 perditorum
957 1571 1114 1656 reliquias
1142 1576 1324 1657 pertinere.
1362 1575 1410 1640 Sed

262 1700 362 1742 unum
386 1681 436 1740 est
460 1697 561 1761 genus
586 1677 771 1741 litterarum
794 1677 969 1762 quoddam,
993 1677 1080 1762 quod
1104 1684 1351 1766 propemodum
1372 1707 1410 1748 so

263 1786 331 1849 lum
364 1783 549 1868 neglectum
582 1784 694 1867 iacuit,
728 1806 766 1847 ne
799 1784 904 1849 dicam
936 1788 1176 1868 contemptum.
1227 1789 1356 1874 Quippe
1384 1791 1408 1854 iu

264 1892 610 1978 grammaticorum
633 1891 772 1957 historia
796 1897 871 1956 ante
895 1891 955 1956 hos
979 1914 1101 1976 paucos
1127 1917 1240 1960 arrnos
1269 1898 1408 1962 recentia

263 2022 335 2064 rum
372 1998 595 2064 elaboraverat
631 2020 739 2063 nemo:
776 2020 879 2084 neque
911 1999 1007 2064 hodie
1043 2006 1184 2085 praeter
1225 2004 1311 2070 duos
1342 2006 1408 2086 illos,

263 2130 344 2194 quos
371 2107 406 2170 in
435 2105 637 2190 praefatione
660 2105 805 2190 laudavi,
832 2129 1028 2193 quemquam
1056 2109 1091 2173 in
1119 2131 1163 2174 eo
1194 2131 1319 2195 genere
1347 2113 1406 2175 lieet

263 2215 441 2280 nominare.
477 2211 549 2278 Hoc
572 2213 673 2298 igitur
696 2213 730 2278 in
753 2214 860 2298 spatio
884 2215 1031 2299 equidem
1055 2216 1234 2283 elaborare
1256 2218 1406 2284 constitui:

264 2344 323 2387 uec
356 2321 468 2406 quaeri
496 2325 570 2405 post
598 2342 649 2403 ea,
677 2343 760 2406 quae
793 2324 937 2407 exposui,
971 2345 990 2387 a
1022 2346 1192 2408 quoquam
1231 2348 1328 2410 posse
1357 2325 1405 2389 eri·

265 2429 373 2511 stimo,
395 2428 563 2492 utiliteme
592 2431 625 2492 et
653 2426 694 2491 ad
721 2427 957 2512 promovendas
981 2429 1109 2494 litteras
1135 2436 1279 2497 nostras
1302 2454 1404 2497 accon-

267 2535 395 2600 modste
418 2534 497 2599 illud
520 2534 732 2614 instituerim,
759 2535 845 2619 quod
869 2557 939 2600 cum
964 2558 1078 2620 perse
1101 2540 1330 2604 necessarium
1351 2541 1427 2602 eesr'

264 2665 360 2708 nemo
383 2642 504 2706 infitias
529 2646 595 2726 eat,
619 2645 730 2706 tamen
754 2646 917 2707 tentatum
941 2643 1044 2708 adhuc
1069 2644 1114 2708 sit
1139 2667 1160 2709 a
1183 2646 1292 2712 nullo.

355 2749 450 2815 Nunc
485 2749 600 2833 igitur,
638 2752 682 2813 ut.
705 2753 887 2814 revertatur
923 2750 1005 2814 unde
1036 2751 1188 2835 profecta
1225 2758 1279 2818 est
1309 2752 1404 2832 oratio,

267 2880 353 2922 nune
376 2860 455 2941 puto
480 2859 626 2940 apparet,
649 2877 705 2920 cur
724 2878 790 2921 non
808 2858 914 2940 possit
933 2879 1043 2921 eorum
1063 2861 1312 2943 exspectationi
1330 2861 1404 2925 satis·

268 2964 348 3048 fieri,
369 2964 396 3028 si
411 2965 467 3048 qui
482 2964 572 3046 talia,
592 2963 686 3047 quale
710 2964 858 3046 tractavi,
876 2941 1074 3049 'argumenta
1096 2965 1281 3032 fastidiant
1304 2972 1336 3032 et
1355 2971 1403 3030 ste

267 3070 471 3135 machentur:
504 3092 561 3134 cur
592 3070 766 3151 noluerim,
799 3070 825 3133 si
858 3070 938 3135 mihi
972 3070 1088 3135 vellem
1118 3072 1192 3156 ipse
1225 3075 1404 3151 satisfacere,

267 3177 372 3240 lecum
406 3176 545 3261 aliquem
578 3198 781 3247 communem
814 3199 853 3241 ex
884 3177 924 3241 iis
956 3200 1135 3262 proponere
1166 3181 1212 3245 ad
1243 3183 1402 3265 disceptan-

269 3284 358 3367 dum,
381 3286 436 3369 qui
460 3285 527 3349 fere
550 3284 705 3348 tralaticii
729 3289 818 3367 sunt,
842 3285 931 3350 velut
953 3289 1061 3350 utrum
1086 3288 1197 3352 maior
1227 3296 1321 3374 patre
1346 3290 1402 3353 ale
1458 3362 1459 3379 ,

269 3391 391 3456 rander
418 3414 457 3455 an
487 3392 554 3456 filio
583 3390 754 3477 Philippus
783 3392 892 3470 fuerit,
916 3397 1022 3457 utruur
1046 3394 1243 3462 detrimenti
1277 3399 1347 3482 plus
1374 3417 1403 3460 au
1457 3381 1459 3474 l

269 3498 423 3563 utilitatis
443 3520 459 3562 e
479 3496 688 3583 Carthaginis
708 3498 831 3563 excidio
850 3499 989 3563 Romani
1008 3501 1165 3585 ceperint,
1187 3506 1239 3568 vel
1259 3506 1300 3569 de
1319 3526 1402 3569 amoc

268 3607 372 3671 nitate
387 3605 595 3689 philologiae,
614 3606 664 3669 vel
680 3603 719 3669 de
740 3605 895 3669 librorum
916 3604 1067 3669 subsidiis
1088 3607 1130 3671 ad
1150 3612 1303 3677 studium
1323 3611 1401 3697 phile

268 3713 374 3797 legiae
393 3712 584 3776 necessariis
608 3717 641 3776 et
665 3735 746 3796 quae
770 3717 846 3777 sunt
865 3713 992 3789 similia
1031 3712 1117 3777 Nam
1138 3721 1178 3780 ut
1200 3721 1316 3802 paucis
1338 3740 1401 3783 cou-

269 3820 475 3903 prehendam,
494 3841 558 3902 que
577 3819 822 3884 convenientius
842 3824 1068 3904 argumentum
1087 3821 1257 3908 delegeris
1278 3826 1318 3892 ad
1332 3823 1401 3890 disei-

269 3927 394 4010 plinam
428 3951 588 4013 quamque
623 3951 682 4012 pro
717 3929 802 4004 virili
837 3933 929 4013 parte
964 3951 1036 3993 vera
1073 3936 1348 4017 promovendam,
1377 3953 1401 3995 ee

268 4034 348 4098 illud
376 4034 442 4098 fere
470 4035 605 4100 alienius
634 4039 685 4100 est
708 4060 727 4100 a
750 4037 914 4100 communi
938 4039 1035 4119 captu
1055 4059 1180 4124 eorum,
1206 4043 1264 4126 qni
1285 4044 1324 4107 ad
1342 4043 1401 4106 inte·
1456 4044 1459 4125 j

269 4141 370 4205 riores
394 4141 521 4205 litteras
544 4165 608 4207 nen
633 4146 852 4227 penetrarunt.

362 4247 407 4310 At
430 4269 514 4330 vero,
537 4249 646 4313 audire
666 4249 778 4312 videor
794 4271 879 4313 nune
898 4249 1055 4332 quosdam
1076 4251 1161 4315 mihi
1183 4259 1402 4321 murmurans
1456 4276 1459 4303 1

271 4352 465 4438 (audivimus
479 4358 588 4420 autem
604 4357 702 4420 etiam
717 4357 825 4440 palam
850 4352 1064 4440 profitentes),
1089 4359 1170 4441 quid
1188 4364 1325 4429 omniuo
1344 4378 1402 4445 opus

274 4465 324 4524 est
342 4483 478 4545 operosa
497 4461 558 4526 hac
578 4462 699 4546 ingenii
719 4463 847 4548 publice
862 4462 1056 4527 testificandi
1073 4470 1314 4536 contentione?
1336 4488 1403 4556 prae
1458 4456 1459 4521 Ϊ
