2986 5010
232 328 298 392 424
522 343 785 393 eaonneouuns
810 343 857 391 nn
881 343 1093 392 aaarouravs

322 486 397 553 Sine
421 488 508 552 ultro
532 452 653 571 ueniat,
676 488 847 572 quaeritet,
871 486 1033 571 desideret,
1058 490 1230 571 exspectet.

231 631 372 696 Rursum
400 630 451 696 his
481 630 636 714 exemplis
665 630 778 713 fretus,
807 630 960 714 quoniam
994 651 1052 714 par
1080 629 1164 724 ratio
1192 630 1279 695 inter
1309 632 1390 714 loyes

233 740 306 823 tepet
329 743 425 823 atque
448 738 534 803 iuter
556 740 619 813 des¹
636 739 686 801 det
708 736 892 819 intercedit,
920 758 985 801 non
1014 737 1127 802 dubito
1157 739 1255 803 etiam
1280 741 1390 803 audiet

235 846 390 911 creticum
414 846 522 931 potius
546 845 630 910 tueri
654 845 688 909 in
713 843 829 909 Bacch.
852 843 909 928 IV,
933 845 961 928 8,
988 845 1044 953 703

322 987 424 1061 Satin'
449 991 510 1073 e'st,
534 989 561 1053 si
584 989 678 1071 plura
702 1011 740 1052 ex
763 1009 814 1051 me
838 987 948 1052 addiet
972 987 1068 1052 hodie
1092 988 1186 1070 mala,

235 1156 330 1220 quam
354 1132 557 1198 tribrachum
581 1135 733 1216 quartum
757 1131 887 1214 pedem,
917 1131 1061 1196 iambum
1089 1137 1196 1197 autem
1225 1154 1286 1216 pro
1311 1155 1387 1197 ana-

233 1244 347 1326 paesto
371 1240 519 1323 quintum
539 1238 757 1322 interpretari.
778 1275 819 1284 -
840 1237 900 1302 His
921 1244 1029 1302 autem
1049 1238 1268 1302 fundamentis
1288 1239 1386 1303 iactis

233 1347 339 1413 audeo
365 1346 516 1430 progredi
546 1345 676 1430 longius
705 1349 739 1409 et
767 1344 851 1409 ultra
883 1345 1078 1410 coniunctivi
1102 1349 1225 1411 formas
1248 1346 1386 1411 investi·

233 1461 329 1539 gatae
358 1453 495 1518 rationis
524 1453 603 1518 fines
632 1474 836 1536 promovere:
865 1474 1060 1536 quamquam
1088 1454 1193 1517 fateor
1220 1475 1287 1519 non
1316 1454 1386 1518 sine

234 1561 409 1627 timiditate
432 1581 483 1624 me
508 1558 634 1642 audere,
658 1564 691 1623 et
714 1558 834 1623 rationi
859 1559 1137 1642 obtemperantem
1162 1561 1267 1646 magis
1288 1584 1387 1646 quam

234 1668 486 1753 morigerantem
516 1665 632 1729 sensui.
678 1664 764 1729 Nam
792 1688 856 1749 quo
887 1666 1059 1753 affinitatis
1088 1665 1217 1731 vinculo
1245 1668 1327 1733 uelis
1355 1674 1389 1733 et

233 1775 319 1856 uelit,
346 1775 391 1839 sis
420 1778 453 1837 et
481 1774 536 1857 sit,
563 1774 615 1838 des
643 1778 676 1837 et
703 1774 764 1850 det,
793 1794 856 1856 quo
886 1774 967 1856 lepos
991 1774 1126 1856 hyaenae
1150 1776 1182 1837 et
1205 1774 1293 1857 lepor,
1323 1798 1387 1860 quo

235 1882 372 1963 loquaris
400 1881 544 1963 loquatur
572 1884 606 1944 et
634 1880 757 1962 loqeeor,
787 1879 897 1943 eodem
926 1880 1086 1943 contineri
1113 1901 1202 1946 carus
1230 1886 1264 1945 et
1290 1890 1389 1967 amal,

235 1987 338 2054 inanes
362 1993 395 2052 et
417 1994 525 2066 morrei,
548 1988 639 2051 audis
664 1991 696 2050 et
718 1988 808 2051 aredii
826 1985 1062 2051 concedendum
1083 1992 1139 2052 est.
1172 1987 1278 2072 lgitur
1298 1991 1387 2074 quod

79 2120 220 2159 cnxxxrv
234 2096 269 2160 in
300 2096 365 2159 illis
393 2094 530 2177 factum,
558 2094 598 2159 ad
626 2095 687 2158 hos
716 2115 843 2178 quoque
873 2092 1066 2158 indicativos
1094 2095 1288 2177 pertinuisse
1319 2102 1387 2162 tam

234 2209 284 2268 est
308 2207 574 2285 consentaneum,
603 2224 700 2287 quam
729 2201 848 2266 rationi
877 2222 1061 2286 repugnans
1090 2201 1283 2285 productum
1314 2205 1391 2287 lepis

234 2310 286 2374 rel
318 2311 395 2393 lepti.
442 2309 550 2395 Atque
581 2313 659 2374 nata
689 2331 760 2373 esse
790 2309 848 2372 illa
879 2310 990 2373 omnia
1020 2308 1129 2392 aliqua
1160 2311 1389 2376 contractione

234 2415 383 2481 binarum
411 2417 569 2481 vocalium
599 2421 741 2499 constat,
769 2439 795 2480 e.
823 2438 848 2480 c.
876 2427 964 2480 αηιᾱε
992 2436 1030 2479 ex
1057 2416 1198 2497 amri-ic,
1231 2425 1321 2481 amal
1349 2441 1389 2484 ex

234 2523 371 2613 amri-tt,
401 2535 507 2587 arture
537 2546 575 2587 ex
606 2523 764 2587 amri-ire:
796 2521 879 2586 nihil
910 2527 1017 2586 autem
1046 2527 1249 2588 contractum
1279 2527 1391 2591 estin

235 2631 346 2714 lep-ts,
376 2631 487 2712 lep-i-t,
516 2630 628 2714 lep-ire.
674 2630 763 2714 Ergo
794 2651 859 2694 non
892 2629 1001 2713 aliqua
1032 2630 1163 2695 licentia
1192 2632 1390 2715 productum

234 2741 284 2802 est
313 2739 382 2821 seit,
417 2738 443 2800 si
479 2741 529 2801 est
563 2738 768 2822 productum,
803 2736 858 2801 sed
896 2736 1082 2820 prosodiam
1112 2760 1129 2801 e
1160 2741 1392 2807 contractione

235 2845 468 2910 consectariam
493 2846 646 2909 servavit:
674 2847 711 2927 fit
734 2851 856 2926 autem,
885 2845 968 2928 quod
994 2845 1086 2924 asto
1109 2842 1188 2930 (non
1209 2847 1279 2928 sio)
1301 2848 1390 2912 duci-

234 2957 296 3035 tur,
320 2974 359 3016 ne
384 2951 491 3035 potuit
513 2951 641 3035 quidem
671 2951 761 3014 brevi
786 2951 888 3015 vocali
910 2951 958 3031 sil
981 2949 1056 3034 dici,
1084 2956 1121 3015 ut
1143 2951 1227 3016 nihil
1250 2976 1390 3038 prorsus

237 3060 402 3144 singulare
427 3058 526 3122 sitin
549 3056 642 3142 Capi.
666 3058 746 3142 prol.
771 3081 798 3121 v.
822 3058 878 3122 25:

324 3200 369 3265 Vt
390 3202 432 3280 fit
454 3201 487 3265 in
511 3200 607 3284 bello,
631 3202 757 3285 capitur
780 3201 861 3264 alter
884 3199 987 3264 filius.

236 3341 298 3406 Sed
325 3347 363 3406 ut
388 3344 458 3426 scil,
485 3344 532 3407 ila
560 3343 739 3427 posteriore
768 3345 874 3406 aetate
903 3343 1022 3426 corripi
1046 3344 1177 3408 solitum
1202 3347 1228 3408 it
1250 3347 1389 3433 longam

235 3449 398 3533 syllabam
422 3450 522 3514 habet
545 3447 637 3514 Cure.
660 3447 717 3532 IV,
742 3451 772 3533 2,
795 3451 830 3514 3:

324 3592 428 3659 Nemo
452 3596 477 3656 a
500 3593 633 3658 infitias.
680 3577 835 3659 dttamen
860 3592 1117 3657 meliusculumst
1140 3597 1287 3662 monere:

235 3735 409 3820 eademque
433 3737 559 3801 ratione
581 3737 656 3801 solet
679 3740 711 3799 et
735 3736 815 3799 lubet
836 3741 868 3798 et
891 3736 1025 3816 afflictat
1048 3735 1144 3801 Mero.
1164 3735 1222 3822 ΙΙΙ,
1242 3741 1274 3823 4,
1294 3741 1386 3826 63.*)

234 3842 290 3926 IV,
313 3843 343 3926 2,
366 3844 395 3907 ἵ).
419 3842 501 3907 Rud.
527 3843 565 3926 V,
589 3846 619 3928 2,
642 3839 701 3931 462:

324 3984 390 4051 Om-
421 3987 505 4050 istuc
539 3988 669 4070 coeptas
698 3986 892 4051 consilium?
939 3986 1023 4063 Quia
1051 3988 1137 4052 enim
1166 4011 1217 4053 me
1248 3990 1387 4056 afflictat

984 4117 1084 4159 amor.

326 4200 409 4266 Solet
431 4202 581 4267 hortator
603 4201 743 4286 re'miges
768 4201 936 4267 lrortairier.

324 4391 350 4461 *)
371 4393 444 4464 [Quo
467 4394 530 4449 loeo
548 4394 718 4448 Ritscheliue
738 4393 832 4448 addit:
860 4393 944 4448 ‘eave
972 4394 1181 4448 Lachmannum
1200 4395 1230 4449 in
1250 4396 1332 4452 Luor.
1352 4399 1387 4466 V,

237 4486 288 4535 396
309 4482 458 4550 sequare']
1350 4478 1355 4489 ’
