2918 5004
567 1082 686 1166 XIII.

407 1256 610 1339 Orationes
638 1255 799 1341 latinae.

620 1583 646 1647 1.

56 1723 254 1788 Praefatio
279 1721 324 1787 ad
343 1722 617 1787 defendendam
638 1722 681 1787 de
701 1720 774 1787 Oro
795 1727 831 1786 et
850 1721 993 1788 Orione
1012 1746 1204 1790 commen·

57 1830 246 1895 tationem
270 1831 439 1894 muneris
462 1830 696 1914 professorii
725 1829 1035 1895 extraordinarii
1058 1830 1097 1895 in
1121 1831 1203 1895 uni·

58 1937 245 2002 versitate
275 1937 494 2001 litterarum
526 1934 830 2001 Vratislaviensi
860 1938 1035 2024 suscepti
1065 1959 1205 2002 caussa

246 2044 308 2109 die
331 2042 395 2108 VII
419 2067 460 2109 m.
484 2042 692 2108 Februarii
716 2067 744 2108 a
770 2045 855 2109 1834
878 2044 1022 2110 habita.

115 2231 119 2238 ·
147 2185 293 2251 Gratiam
320 2189 449 2270 praeter
476 2189 583 2251 cetera
611 2186 768 2271 intellego
797 2208 870 2251 cnm
902 2187 1083 2253 habendam
1111 2186 1205 2252 vobis

57 2315 177 2376 meam,
205 2298 274 2358 tum
306 2297 445 2357 vestram
470 2292 549 2357 mihi
574 2314 644 2357 esse
668 2293 920 2377 implorandam,
943 2298 1049 2359 rector
1079 2294 1204 2358 nniver-

58 2400 166 2465 sitatis
194 2399 373 2489 magnifice,
399 2404 529 2465 curator
561 2400 790 2484 illustrissime,
815 2401 935 2466 decane
958 2402 1098 2466 maxime
1118 2424 1206 2487 spec-

56 2507 185 2592 tabilis,
215 2508 414 2592 professores
446 2514 479 2571 et
501 2507 650 2573 doctores
675 2508 946 2588 aestimatissimi,
969 2508 1206 2574 commilitones

59 2614 302 2696 humanissimi,
325 2615 508 2680 litterarum
532 2616 677 2680 fautores
696 2615 899 2700 amplissimi.
937 2612 999 2690 Qui
1017 2638 1090 2679 cum
1108 2615 1205 2679 huius

59 2720 123 2784 diei
141 2703 392 2785 sollemnitatem
409 2727 517 2785 vestra
531 2720 713 2805 praesentia
730 2720 942 2785 condecorare
956 2743 1021 2785 non
1040 2719 1205 2803 dedignati

60 2826 147 2909 sitis,
177 2832 244 2891 tam
269 2848 432 2911 propensa
454 2827 487 2891 in
513 2849 564 2891 me
588 2826 758 2891 voluntate
789 2830 822 2890 et
851 2825 1086 2891 incredibiliter
1113 2826 1205 2891 vobis

59 2932 250 2998 obstrictum
279 2955 385 2998 meum
414 2934 559 2998 animum
588 2933 707 2998 tenetis
736 2937 770 2997 et
798 2931 1123 2998 benevolentissimae
1151 2955 1206 3017 pa-

58 3040 191 3105 tientiae
215 3041 396 3125 exemplum
421 3039 567 3104 edidistis
590 3039 677 3104 haud
701 3040 844 3124 vulgare.
891 3038 1019 3123 Quippe
1042 3039 1070 3104 si
1093 3039 1134 3103 ab
1158 3039 1205 3103 eis

59 3151 201 3213 vestrum
220 3169 390 3232 recessero,
414 3147 604 3232 quibuscum
624 3147 843 3212 communium
867 3145 1047 3213 studiorum
1066 3146 1206 3211 necessi·

59 3255 138 3330 tudo
172 3256 252 3320 mihi
286 3256 457 3321 intercedit
491 3254 702 3336 suavissima,
739 3253 869 3339 reliquis
901 3254 968 3318 fere
1001 3276 1067 3320 non
1097 3242 1207 3337 potest

61 3362 138 3446 quin
166 3383 280 3445 parum
309 3361 535 3427 oblectationis
563 3362 670 3446 pariat
694 3361 766 3445 ipsa
789 3362 973 3446 argumenti
998 3361 1158 3444 tenuitas,
1187 3381 1207 3423 a

60 3469 222 3532 communi
254 3490 313 3532 usu
335 3469 446 3552 paullo
470 3469 667 3535 remotioris.
713 3466 803 3544 Quod
827 3471 936 3532 tamen
959 3472 1088 3534 tantum
1113 3467 1207 3531 abest

60 3574 206 3658 equidem
235 3579 272 3639 ut
295 3575 512 3641 excusandum
535 3580 662 3660 putem,
691 3581 727 3641 ut
754 3574 878 3659 optima
901 3575 1027 3639 ratione
1049 3574 1112 3639 niti
1135 3595 1207 3638 sen-

61 3681 149 3745 tiam.
195 3680 284 3747 Haec
308 3682 409 3766 igitur
432 3683 538 3768 qualis
562 3684 647 3749 ratio
671 3684 728 3766 sit,
756 3682 895 3767 primum
918 3681 1104 3747 declarabo:
1131 3687 1208 3767 post

61 3789 220 3873 quomodo
246 3790 431 3874 argumenti
454 3789 599 3856 taedium
621 3790 701 3854 illud
724 3790 841 3874 levare,
865 3790 893 3854 si
916 3789 1012 3854 modo
1036 3790 1208 3873 possimus,

61 3900 95 3959 et
109 3895 219 3979 aliqua
232 3900 318 3959 certe
333 3917 371 3959 ex
390 3901 483 3980 parte
498 3919 705 3981 compensare
720 3897 992 3979 constituerimus,
1010 3895 1207 3981 significabo.
1249 3890 1252 3895 ’

61 4002 109 4068 Ac
132 4006 262 4068 tantum
285 4004 415 4087 quidem
438 4002 569 4068 concedi
592 4026 657 4069 uno
681 4025 736 4068 ore
759 4004 869 4086 credo,
892 4024 957 4067 non
980 4002 1045 4067 elio
1069 4003 1206 4067 consilio

60 4109 146 4174 huuc
164 4109 293 4193 publice
316 4109 477 4176 scribendi
501 4111 685 4194 scriptaque
710 4109 900 4175 defendendi
923 4130 1044 4173 morem
1068 4109 1208 4192 antiqui-

61 4222 115 4280 tus
139 4240 234 4301 posse
258 4219 418 4284 sancitum
441 4240 524 4302 esse,
552 4217 616 4281 nisi
641 4217 718 4301 hoc,
740 4222 791 4300 ut,
819 4215 905 4300 quod
929 4214 1001 4299 quis
1024 4214 1059 4277 in
1082 4215 1207 4279 littera-

64 4345 136 4387 rum
155 4325 367 4390 universitate
386 4325 548 4409 publicum
573 4346 688 4389 munus
706 4322 943 4406 capessivisset,
965 4320 995 4384 ei
1019 4323 1208 4387 sustinendo

63 4452 98 4493 se
130 4452 240 4513 parem
273 4433 405 4515 publico
438 4433 515 4496 item
548 4431 738 4496 testimonio
771 4427 930 4513 proderet.
975 4427 1065 4494 Haec
1097 4432 1206 4493 autem

937 4530 992 4584 40*
