<?xml version="1.0" encoding="UTF-8"?>
<!DOCTYPE html PUBLIC "-//W3C//DTD XHTML 1.0 Transitional//EN"
    "http://www.w3.org/TR/xhtml1/DTD/xhtml1-transitional.dtd">
<html xmlns="http://www.w3.org/1999/xhtml" xml:lang="en" lang="en">
 <head>
  <title>
</title>
<meta http-equiv="Content-Type" content="text/html;charset=utf-8" />
  <meta name='ocr-system' content='tesseract 3.04.00' />
  <meta name='ocr-capabilities' content='ocr_page ocr_carea ocr_par ocr_line ocrx_word'/>
</head>
<body>
  <div class='ocr_page' id='page_1' title='image "./fridericiritsch05wachgoog_0542.png"; bbox 0 0 2940 5004; ppageno 0'>
   <div class='ocr_carea' id='block_1_1' title="bbox 420 352 1234 444">
    <p class='ocr_par' dir='ltr' id='par_1_1' title="bbox 420 352 1234 444">
     <span class='ocr_line' id='line_1_1' title="bbox 420 352 1234 444; baseline 0.004 -30"><span class='ocrx_word' id='word_1_1' title='bbox 420 366 682 416; x_wconf 77' lang='lat' dir='ltr'><strong>aumoarroms</strong></span> <span class='ocrx_word' id='word_1_2' title='bbox 706 367 912 416; x_wconf 76' lang='grc'><strong>1111111111.</strong></span> <span class='ocrx_word' id='word_1_3' title='bbox 1054 434 1058 444; x_wconf 27' lang='lat'><em>¹</em></span> <span class='ocrx_word' id='word_1_4' title='bbox 1169 352 1234 417; x_wconf 81' lang='lat'><strong>525</strong></span> 
     </span>
    </p>
   </div>
   <div class='ocr_carea' id='block_1_2' title="bbox 86 509 1460 3919">
    <p class='ocr_par' dir='ltr' id='par_1_2' title="bbox 86 509 1460 3919">
     <span class='ocr_line' id='line_1_2' title="bbox 90 509 1235 597; baseline 0.003 -22"><span class='ocrx_word' id='word_1_5' title='bbox 90 511 168 576; x_wconf 88' lang='lat' dir='ltr'><strong>catii</strong></span> <span class='ocrx_word' id='word_1_6' title='bbox 188 509 338 597; x_wconf 79' lang='lat' dir='ltr'><strong>Sedigiti,</strong></span> <span class='ocrx_word' id='word_1_7' title='bbox 364 512 399 577; x_wconf 90' lang='lat' dir='ltr'><strong>L.</strong></span> <span class='ocrx_word' id='word_1_8' title='bbox 423 514 514 578; x_wconf 87' lang='lat' dir='ltr'><strong>Accii</strong></span> <span class='ocrx_word' id='word_1_9' title='bbox 538 513 706 597; x_wconf 86' lang='lat' dir='ltr'><strong>exemplis,</strong></span> <span class='ocrx_word' id='word_1_10' title='bbox 734 535 908 597; x_wconf 89' lang='lat' dir='ltr'><strong>eorumque</strong></span> <span class='ocrx_word' id='word_1_11' title='bbox 932 513 1077 578; x_wconf 86' lang='lat' dir='ltr'><strong>versibus</strong></span> <span class='ocrx_word' id='word_1_12' title='bbox 1101 514 1235 578; x_wconf 84' lang='lat' dir='ltr'><strong>astricta</strong></span> 
     </span>
     <span class='ocr_line' id='line_1_3' title="bbox 91 619 1235 707; baseline 0.003 -26"><span class='ocrx_word' id='word_1_13' title='bbox 91 619 238 683; x_wconf 85' lang='lat' dir='ltr'><strong>oratione</strong></span> <span class='ocrx_word' id='word_1_14' title='bbox 263 620 432 704; x_wconf 87' lang='lat' dir='ltr'><strong>utentium,</strong></span> <span class='ocrx_word' id='word_1_15' title='bbox 456 620 550 686; x_wconf 89' lang='lat' dir='ltr'><strong>docui</strong></span> <span class='ocrx_word' id='word_1_16' title='bbox 571 621 738 706; x_wconf 81' lang='lat' dir='ltr'><strong>Parergon</strong></span> <span class='ocrx_word' id='word_1_17' title='bbox 757 643 786 704; x_wconf 90' lang='lat' dir='ltr'><strong>p.</strong></span> <span class='ocrx_word' id='word_1_18' title='bbox 808 621 927 707; x_wconf 83' lang='lat' dir='ltr'><strong>90sqq.</strong></span> <span class='ocrx_word' id='word_1_19' title='bbox 952 621 1091 706; x_wconf 80' lang='lat' dir='ltr'><strong>238sqq.</strong></span> <span class='ocrx_word' id='word_1_20' title='bbox 1117 621 1235 704; x_wconf 80' lang='lat' dir='ltr'><strong>321sq.</strong></span> 
     </span>
     <span class='ocr_line' id='line_1_4' title="bbox 90 725 1236 812; baseline 0.003 -24"><span class='ocrx_word' id='word_1_21' title='bbox 90 725 160 790; x_wconf 87' lang='lat' dir='ltr'><strong>coll.</strong></span> <span class='ocrx_word' id='word_1_22' title='bbox 176 726 277 808; x_wconf 84' lang='lat' dir='ltr'><strong>praef.</strong></span> <span class='ocrx_word' id='word_1_23' title='bbox 292 750 322 810; x_wconf 91' lang='lat' dir='ltr'><strong>p.</strong></span> <span class='ocrx_word' id='word_1_24' title='bbox 336 727 445 792; x_wconf 89' lang='lat' dir='ltr'>XVII:</span> <span class='ocrx_word' id='word_1_25' title='bbox 470 728 606 793; x_wconf 86' lang='lat' dir='ltr'><strong>alteram</strong></span> <span class='ocrx_word' id='word_1_26' title='bbox 626 729 876 812; x_wconf 78' lang='lat' dir='ltr'><strong>Antoninorum,</strong></span> <span class='ocrx_word' id='word_1_27' title='bbox 901 751 964 812; x_wconf 91' lang='lat' dir='ltr'><strong>qua</strong></span> <span class='ocrx_word' id='word_1_28' title='bbox 988 732 1021 792; x_wconf 93' lang='lat' dir='ltr'><strong>et</strong></span> <span class='ocrx_word' id='word_1_29' title='bbox 1043 728 1236 793; x_wconf 87' lang='lat' dir='ltr'><strong>resuscitata</strong></span> 
     </span>
     <span class='ocr_line' id='line_1_5' title="bbox 89 832 1234 921; baseline 0.001 -25"><span class='ocrx_word' id='word_1_30' title='bbox 89 837 165 897; x_wconf 87' lang='lat' dir='ltr'><strong>sunt</strong></span> <span class='ocrx_word' id='word_1_31' title='bbox 186 832 338 899; x_wconf 84' lang='lat' dir='ltr'><strong>Plautina</strong></span> <span class='ocrx_word' id='word_1_32' title='bbox 362 835 469 900; x_wconf 90' lang='lat' dir='ltr'><strong>studia</strong></span> <span class='ocrx_word' id='word_1_33' title='bbox 493 840 526 901; x_wconf 89' lang='lat' dir='ltr'><strong>et</strong></span> <span class='ocrx_word' id='word_1_34' title='bbox 549 836 590 901; x_wconf 90' lang='lat' dir='ltr'><strong>ad</strong></span> <span class='ocrx_word' id='word_1_35' title='bbox 614 837 818 920; x_wconf 76' lang='lat' dir='ltr'><strong>antiquitatis</strong></span> <span class='ocrx_word' id='word_1_36' title='bbox 837 835 1033 921; x_wconf 88' lang='lat' dir='ltr'><strong>Naevianae,</strong></span> <span class='ocrx_word' id='word_1_37' title='bbox 1055 835 1234 917; x_wconf 79' lang='lat' dir='ltr'><strong>Plautinae,</strong></span> 
     </span>
     <span class='ocr_line' id='line_1_6' title="bbox 87 939 1235 1028; baseline 0.002 -24"><span class='ocrx_word' id='word_1_38' title='bbox 87 939 256 1006; x_wconf 76' lang='lat' dir='ltr'><strong>Ennianae</strong></span> <span class='ocrx_word' id='word_1_39' title='bbox 280 942 496 1007; x_wconf 87' lang='lat' dir='ltr'><strong>imitationem</strong></span> <span class='ocrx_word' id='word_1_40' title='bbox 519 943 583 1027; x_wconf 93' lang='lat' dir='ltr'><strong>ipsi</strong></span> <span class='ocrx_word' id='word_1_41' title='bbox 607 966 641 1008; x_wconf 92' lang='lat' dir='ltr'><strong>se</strong></span> <span class='ocrx_word' id='word_1_42' title='bbox 661 944 835 1027; x_wconf 87' lang='lat' dir='ltr'><strong>scriptores</strong></span> <span class='ocrx_word' id='word_1_43' title='bbox 855 947 888 1007; x_wconf 91' lang='lat' dir='ltr'><strong>et</strong></span> <span class='ocrx_word' id='word_1_44' title='bbox 905 948 1020 1028; x_wconf 88' lang='lat' dir='ltr'><strong>poetae</strong></span> <span class='ocrx_word' id='word_1_45' title='bbox 1039 947 1128 1009; x_wconf 92' lang='lat' dir='ltr'><strong>totos</strong></span> <span class='ocrx_word' id='word_1_46' title='bbox 1148 965 1235 1008; x_wconf 90' lang='lat' dir='ltr'><strong>com·</strong></span> 
     </span>
     <span class='ocr_line' id='line_1_7' title="bbox 87 1049 1235 1135; baseline 0.003 -23"><span class='ocrx_word' id='word_1_47' title='bbox 87 1052 272 1130; x_wconf 90' lang='lat' dir='ltr'><strong>posuerunt.</strong></span> <span class='ocrx_word' id='word_1_48' title='bbox 319 1049 426 1133; x_wconf 85' lang='lat' dir='ltr'><strong>Atque</strong></span> <span class='ocrx_word' id='word_1_49' title='bbox 459 1050 536 1114; x_wconf 89' lang='lat' dir='ltr'><strong>talis</strong></span> <span class='ocrx_word' id='word_1_50' title='bbox 567 1054 630 1134; x_wconf 89' lang='lat' dir='ltr'><strong>est,</strong></span> <span class='ocrx_word' id='word_1_51' title='bbox 663 1053 700 1115; x_wconf 90' lang='lat' dir='ltr'><strong>ut</strong></span> <span class='ocrx_word' id='word_1_52' title='bbox 731 1050 835 1115; x_wconf 89' lang='lat' dir='ltr'><strong>dicam</strong></span> <span class='ocrx_word' id='word_1_53' title='bbox 866 1051 951 1135; x_wconf 92' lang='lat' dir='ltr'><strong>quod</strong></span> <span class='ocrx_word' id='word_1_54' title='bbox 984 1052 1104 1133; x_wconf 89' lang='lat' dir='ltr'><strong>sentio,</strong></span> <span class='ocrx_word' id='word_1_55' title='bbox 1137 1051 1235 1134; x_wconf 79' lang='lat' dir='ltr'><strong>prisci</strong></span> 
     </span>
     <span class='ocr_line' id='line_1_8' title="bbox 88 1157 1235 1244; baseline 0.004 -27"><span class='ocrx_word' id='word_1_56' title='bbox 88 1157 247 1220; x_wconf 91' lang='lat' dir='ltr'><strong>sermonis</strong></span> <span class='ocrx_word' id='word_1_57' title='bbox 271 1157 422 1222; x_wconf 87' lang='lat' dir='ltr'><strong>affectata</strong></span> <span class='ocrx_word' id='word_1_58' title='bbox 445 1157 568 1241; x_wconf 90' lang='lat' dir='ltr'><strong>speeies</strong></span> <span class='ocrx_word' id='word_1_59' title='bbox 591 1157 664 1241; x_wconf 91' lang='lat' dir='ltr'><strong>illa,</strong></span> <span class='ocrx_word' id='word_1_60' title='bbox 691 1180 788 1242; x_wconf 89' lang='lat' dir='ltr'><strong>quam</strong></span> <span class='ocrx_word' id='word_1_61' title='bbox 818 1163 1009 1244; x_wconf 81' lang='lat' dir='ltr'><strong>argumenta</strong></span> <span class='ocrx_word' id='word_1_62' title='bbox 1031 1159 1165 1223; x_wconf 90' lang='lat' dir='ltr'><strong>metrica</strong></span> <span class='ocrx_word' id='word_1_63' title='bbox 1188 1158 1235 1222; x_wconf 86' lang='lat' dir='ltr'><strong>fa-</strong></span> 
     </span>
     <span class='ocr_line' id='line_1_9' title="bbox 88 1262 1234 1350; baseline 0.003 -24"><span class='ocrx_word' id='word_1_64' title='bbox 88 1262 237 1327; x_wconf 88' lang='lat' dir='ltr'><strong>bularum</strong></span> <span class='ocrx_word' id='word_1_65' title='bbox 260 1263 486 1328; x_wconf 87' lang='lat' dir='ltr'><strong>Plautinarum</strong></span> <span class='ocrx_word' id='word_1_66' title='bbox 512 1265 784 1348; x_wconf 83' lang='lat' dir='ltr'><strong>praeseferunt:</strong></span> <span class='ocrx_word' id='word_1_67' title='bbox 810 1264 843 1328; x_wconf 93' lang='lat' dir='ltr'><strong>id</strong></span> <span class='ocrx_word' id='word_1_68' title='bbox 867 1265 953 1350; x_wconf 90' lang='lat' dir='ltr'><strong>quod</strong></span> <span class='ocrx_word' id='word_1_69' title='bbox 974 1287 1039 1329; x_wconf 90' lang='lat' dir='ltr'><strong>non</strong></span> <span class='ocrx_word' id='word_1_70' title='bbox 1059 1287 1124 1330; x_wconf 93' lang='lat' dir='ltr'><strong>uno</strong></span> <span class='ocrx_word' id='word_1_71' title='bbox 1139 1286 1234 1350; x_wconf 84' lang='lat' dir='ltr'><strong>argu-</strong></span> 
     </span>
     <span class='ocr_line' id='line_1_10' title="bbox 88 1370 1233 1457; baseline 0.003 -24"><span class='ocrx_word' id='word_1_72' title='bbox 88 1375 197 1434; x_wconf 91' lang='lat' dir='ltr'><strong>mento</strong></span> <span class='ocrx_word' id='word_1_73' title='bbox 225 1371 439 1457; x_wconf 68' lang='lat' dir='ltr'><strong>intellegitur</strong></span> <span class='ocrx_word' id='word_1_74' title='bbox 479 1370 561 1438; x_wconf 74' lang='lat' dir='ltr'><strong>(lum</strong></span> <span class='ocrx_word' id='word_1_75' title='bbox 589 1376 698 1437; x_wconf 87' lang='lat' dir='ltr'><strong>autem</strong></span> <span class='ocrx_word' id='word_1_76' title='bbox 722 1373 855 1438; x_wconf 89' lang='lat' dir='ltr'><strong>illorum</strong></span> <span class='ocrx_word' id='word_1_77' title='bbox 879 1373 996 1457; x_wconf 86' lang='lat' dir='ltr'><strong>duplex</strong></span> <span class='ocrx_word' id='word_1_78' title='bbox 1020 1392 1123 1457; x_wconf 81' lang='lat' dir='ltr'><strong>genus</strong></span> <span class='ocrx_word' id='word_1_79' title='bbox 1147 1376 1233 1437; x_wconf 87' lang='lat' dir='ltr'><strong>aeta·</strong></span> 
     </span>
     <span class='ocr_line' id='line_1_11' title="bbox 86 1479 1235 1565; baseline 0.003 -26"><span class='ocrx_word' id='word_1_80' title='bbox 86 1480 154 1540; x_wconf 90' lang='lat' dir='ltr'><strong>tem</strong></span> <span class='ocrx_word' id='word_1_81' title='bbox 177 1479 301 1543; x_wconf 87' lang='lat' dir='ltr'><strong>tulerit:</strong></span> <span class='ocrx_word' id='word_1_82' title='bbox 325 1480 463 1544; x_wconf 82' lang='lat' dir='ltr'><strong>alterum</strong></span> <span class='ocrx_word' id='word_1_83' title='bbox 487 1481 752 1563; x_wconf 84' lang='lat' dir='ltr'><strong>acrostichorum,</strong></span> <span class='ocrx_word' id='word_1_84' title='bbox 775 1503 857 1565; x_wconf 90' lang='lat' dir='ltr'><strong>quae</strong></span> <span class='ocrx_word' id='word_1_85' title='bbox 883 1485 1011 1546; x_wconf 85' lang='lat' dir='ltr'><strong>servata</strong></span> <span class='ocrx_word' id='word_1_86' title='bbox 1030 1484 1106 1545; x_wconf 90' lang='lat' dir='ltr'><strong>sunt</strong></span> <span class='ocrx_word' id='word_1_87' title='bbox 1125 1480 1235 1545; x_wconf 86' lang='lat' dir='ltr'><strong>omnia</strong></span> 
     </span>
     <span class='ocr_line' id='line_1_12' title="bbox 88 1583 1235 1672; baseline 0.002 -23"><span class='ocrx_word' id='word_1_88' title='bbox 88 1583 167 1668; x_wconf 91' lang='lat' dir='ltr'><strong>(nisi</strong></span> <span class='ocrx_word' id='word_1_89' title='bbox 194 1587 279 1670; x_wconf 87' lang='lat' dir='ltr'><strong>qnod</strong></span> <span class='ocrx_word' id='word_1_90' title='bbox 308 1608 408 1651; x_wconf 91' lang='lat' dir='ltr'><strong>unum</strong></span> <span class='ocrx_word' id='word_1_91' title='bbox 435 1587 601 1653; x_wconf 83' lang='lat' dir='ltr'><strong>intercidit</strong></span> <span class='ocrx_word' id='word_1_92' title='bbox 628 1610 700 1652; x_wconf 92' lang='lat' dir='ltr'><strong>cum</strong></span> <span class='ocrx_word' id='word_1_93' title='bbox 728 1589 800 1671; x_wconf 91' lang='lat' dir='ltr'><strong>ipso</strong></span> <span class='ocrx_word' id='word_1_94' title='bbox 830 1587 988 1672; x_wconf 88' lang='lat' dir='ltr'><strong>principio</strong></span> <span class='ocrx_word' id='word_1_95' title='bbox 1012 1584 1235 1672; x_wconf 75' lang='lat' dir='ltr'><strong>Bacchidem),</strong></span> 
     </span>
     <span class='ocr_line' id='line_1_13' title="bbox 87 1692 1234 1781; baseline 0.002 -26"><span class='ocrx_word' id='word_1_96' title='bbox 87 1692 224 1757; x_wconf 89' lang='lat' dir='ltr'><strong>alterum</strong></span> <span class='ocrx_word' id='word_1_97' title='bbox 252 1714 317 1759; x_wconf 91' lang='lat' dir='ltr'><strong>non</strong></span> <span class='ocrx_word' id='word_1_98' title='bbox 345 1696 615 1780; x_wconf 88' lang='lat' dir='ltr'><strong>acrostichorum,</strong></span> <span class='ocrx_word' id='word_1_99' title='bbox 643 1718 781 1781; x_wconf 90' lang='lat' dir='ltr'><strong>quorum</strong></span> <span class='ocrx_word' id='word_1_100' title='bbox 810 1695 905 1761; x_wconf 91' lang='lat' dir='ltr'><strong>hodie</strong></span> <span class='ocrx_word' id='word_1_101' title='bbox 935 1696 1076 1780; x_wconf 93' lang='lat' dir='ltr'><strong>quinque</strong></span> <span class='ocrx_word' id='word_1_102' title='bbox 1105 1696 1234 1758; x_wconf 87' lang='lat' dir='ltr'><strong>tantum</strong></span> 
     </span>
     <span class='ocr_line' id='line_1_14' title="bbox 88 1801 1235 1885; baseline 0 -22"><span class='ocrx_word' id='word_1_103' title='bbox 88 1803 277 1884; x_wconf 84' lang='lat' dir='ltr'><strong>supersunt,</strong></span> <span class='ocrx_word' id='word_1_104' title='bbox 306 1801 384 1865; x_wconf 93' lang='lat' dir='ltr'><strong>olim</strong></span> <span class='ocrx_word' id='word_1_105' title='bbox 412 1805 464 1866; x_wconf 94' lang='lat' dir='ltr'><strong>tot</strong></span> <span class='ocrx_word' id='word_1_106' title='bbox 494 1806 573 1885; x_wconf 94' lang='lat' dir='ltr'><strong>quot</strong></span> <span class='ocrx_word' id='word_1_107' title='bbox 596 1806 672 1867; x_wconf 90' lang='lat' dir='ltr'><strong>sunt</strong></span> <span class='ocrx_word' id='word_1_108' title='bbox 694 1803 824 1867; x_wconf 83' lang='lat' dir='ltr'><strong>fabulae</strong></span> <span class='ocrx_word' id='word_1_109' title='bbox 849 1802 1012 1865; x_wconf 83' lang='lat' dir='ltr'><strong>exstitisse</strong></span> <span class='ocrx_word' id='word_1_110' title='bbox 1036 1822 1169 1885; x_wconf 91' lang='lat' dir='ltr'><strong>prorsus</strong></span> <span class='ocrx_word' id='word_1_111' title='bbox 1193 1801 1235 1863; x_wconf 90' lang='lat' dir='ltr'><strong>si·</strong></span> 
     </span>
     <span class='ocr_line' id='line_1_15' title="bbox 88 1907 1347 1994; baseline 0 -23"><span class='ocrx_word' id='word_1_112' title='bbox 88 1907 164 1971; x_wconf 93' lang='lat' dir='ltr'><strong>mile</strong></span> <span class='ocrx_word' id='word_1_113' title='bbox 183 1908 251 1973; x_wconf 85' lang='lat' dir='ltr'><strong>veri</strong></span> <span class='ocrx_word' id='word_1_114' title='bbox 270 1908 371 1993; x_wconf 85' lang='lat' dir='ltr'><strong>est*):</strong></span> <span class='ocrx_word' id='word_1_115' title='bbox 394 1908 457 1973; x_wconf 91' lang='lat' dir='ltr'><strong>hoc</strong></span> <span class='ocrx_word' id='word_1_116' title='bbox 476 1909 605 1994; x_wconf 91' lang='lat' dir='ltr'><strong>quidem</strong></span> <span class='ocrx_word' id='word_1_117' title='bbox 628 1910 789 1993; x_wconf 88' lang='lat' dir='ltr'><strong>posterius</strong></span> <span class='ocrx_word' id='word_1_118' title='bbox 813 1929 914 1994; x_wconf 81' lang='lat' dir='ltr'><strong>genus</strong></span> <span class='ocrx_word' id='word_1_119' title='bbox 937 1908 977 1972; x_wconf 88' lang='lat' dir='ltr'><strong>ad</strong></span> <span class='ocrx_word' id='word_1_120' title='bbox 993 1908 1235 1973; x_wconf 81' lang='lat' dir='ltr'><strong>Antoninorum</strong></span> <span class='ocrx_word' id='word_1_121' title='bbox 1346 1919 1347 1924; x_wconf 77' lang='grc'>’</span> 
     </span>
     <span class='ocr_line' id='line_1_16' title="bbox 88 2014 1236 2101; baseline 0 -23"><span class='ocrx_word' id='word_1_122' title='bbox 88 2019 235 2099; x_wconf 87' lang='lat' dir='ltr'><strong>tempora</strong></span> <span class='ocrx_word' id='word_1_123' title='bbox 254 2037 291 2080; x_wconf 89' lang='lat' dir='ltr'><strong>eo</strong></span> <span class='ocrx_word' id='word_1_124' title='bbox 316 2014 530 2081; x_wconf 88' lang='lat' dir='ltr'><strong>confidentius</strong></span> <span class='ocrx_word' id='word_1_125' title='bbox 553 2016 658 2081; x_wconf 90' lang='lat' dir='ltr'><strong>refero</strong></span> <span class='ocrx_word' id='word_1_126' title='bbox 682 2039 746 2101; x_wconf 94' lang='lat' dir='ltr'><strong>quo</strong></span> <span class='ocrx_word' id='word_1_127' title='bbox 771 2016 875 2100; x_wconf 77' lang='lat' dir='ltr'><strong>magis</strong></span> <span class='ocrx_word' id='word_1_128' title='bbox 903 2018 1059 2099; x_wconf 79' lang='lat' dir='ltr'><strong>cognatos</strong></span> <span class='ocrx_word' id='word_1_129' title='bbox 1083 2014 1172 2079; x_wconf 90' lang='lat' dir='ltr'><strong>lusus</strong></span> <span class='ocrx_word' id='word_1_130' title='bbox 1197 2036 1236 2078; x_wconf 87' lang='lat' dir='ltr'><strong>ea</strong></span> 
     </span>
     <span class='ocr_line' id='line_1_17' title="bbox 88 2104 1460 2208; baseline 0.004 -24"><span class='ocrx_word' id='word_1_131' title='bbox 88 2124 177 2186; x_wconf 85' lang='lat' dir='ltr'><strong>aetas</strong></span> <span class='ocrx_word' id='word_1_132' title='bbox 206 2122 339 2205; x_wconf 88' lang='lat' dir='ltr'><strong>peperit.</strong></span> <span class='ocrx_word' id='word_1_133' title='bbox 384 2121 470 2188; x_wconf 89' lang='lat' dir='ltr'><strong>Nam</strong></span> <span class='ocrx_word' id='word_1_134' title='bbox 498 2123 570 2189; x_wconf 84' lang='lat' dir='ltr'><strong>vide</strong></span> <span class='ocrx_word' id='word_1_135' title='bbox 599 2123 678 2188; x_wconf 91' lang='lat' dir='ltr'><strong>mihi</strong></span> <span class='ocrx_word' id='word_1_136' title='bbox 708 2146 805 2208; x_wconf 86' lang='lat' dir='ltr'><strong>quam</strong></span> <span class='ocrx_word' id='word_1_137' title='bbox 829 2122 945 2188; x_wconf 91' lang='lat' dir='ltr'><strong>similis</strong></span> <span class='ocrx_word' id='word_1_138' title='bbox 969 2123 1037 2186; x_wconf 92' lang='lat' dir='ltr'><strong>eius</strong></span> <span class='ocrx_word' id='word_1_139' title='bbox 1061 2143 1158 2205; x_wconf 89' lang='lat' dir='ltr'><strong>opera</strong></span> <span class='ocrx_word' id='word_1_140' title='bbox 1181 2144 1234 2186; x_wconf 86' lang='lat' dir='ltr'><strong>ex·</strong></span> <span class='ocrx_word' id='word_1_141' title='bbox 1248 2149 1386 2190; x_wconf 83' lang='lat' dir='ltr'><strong>ccoxvm</strong></span> <span class='ocrx_word' id='word_1_142' title='bbox 1454 2104 1460 2114; x_wconf 75' lang='lat'><em>,</em></span> 
     </span>
     <span class='ocr_line' id='line_1_18' title="bbox 88 2227 1235 2315; baseline 0.003 -25"><span class='ocrx_word' id='word_1_143' title='bbox 88 2227 218 2311; x_wconf 88' lang='lat' dir='ltr'><strong>stiterit,</strong></span> <span class='ocrx_word' id='word_1_144' title='bbox 241 2229 297 2314; x_wconf 91' lang='lat' dir='ltr'><strong>qui</strong></span> <span class='ocrx_word' id='word_1_145' title='bbox 317 2230 518 2314; x_wconf 77' lang='lat' dir='ltr'><strong>singularum</strong></span> <span class='ocrx_word' id='word_1_146' title='bbox 537 2230 681 2295; x_wconf 86' lang='lat' dir='ltr'><strong>Terentii</strong></span> <span class='ocrx_word' id='word_1_147' title='bbox 700 2231 885 2296; x_wconf 85' lang='lat' dir='ltr'><strong>fabularum</strong></span> <span class='ocrx_word' id='word_1_148' title='bbox 904 2232 1097 2315; x_wconf 80' lang='lat' dir='ltr'><strong>argumenta</strong></span> <span class='ocrx_word' id='word_1_149' title='bbox 1120 2228 1235 2293; x_wconf 91' lang='lat' dir='ltr'><strong>duode-</strong></span> 
     </span>
     <span class='ocr_line' id='line_1_19' title="bbox 86 2335 1234 2422; baseline 0.004 -25"><span class='ocrx_word' id='word_1_150' title='bbox 86 2335 137 2398; x_wconf 92' lang='lat' dir='ltr'><strong>nis</strong></span> <span class='ocrx_word' id='word_1_151' title='bbox 157 2336 292 2401; x_wconf 87' lang='lat' dir='ltr'><strong>senariis</strong></span> <span class='ocrx_word' id='word_1_152' title='bbox 311 2359 377 2401; x_wconf 91' lang='lat' dir='ltr'><strong>nou</strong></span> <span class='ocrx_word' id='word_1_153' title='bbox 396 2338 511 2402; x_wconf 88' lang='lat' dir='ltr'><strong>inscite</strong></span> <span class='ocrx_word' id='word_1_154' title='bbox 531 2337 627 2402; x_wconf 86' lang='lat' dir='ltr'><strong>factis</strong></span> <span class='ocrx_word' id='word_1_155' title='bbox 646 2338 906 2422; x_wconf 87' lang='lat' dir='ltr'><strong>comprehendit:</strong></span> <span class='ocrx_word' id='word_1_156' title='bbox 930 2359 1027 2422; x_wconf 89' lang='lat' dir='ltr'><strong>quam</strong></span> <span class='ocrx_word' id='word_1_157' title='bbox 1046 2336 1125 2419; x_wconf 87' lang='lat' dir='ltr'><strong>eius,</strong></span> <span class='ocrx_word' id='word_1_158' title='bbox 1144 2338 1234 2402; x_wconf 88' lang='lat' dir='ltr'><strong>cuius</strong></span> 
     </span>
     <span class='ocr_line' id='line_1_20' title="bbox 87 2432 1307 2531; baseline 0.002 -27"><span class='ocrx_word' id='word_1_159' title='bbox 87 2440 121 2504; x_wconf 93' lang='lat' dir='ltr'><strong>in</strong></span> <span class='ocrx_word' id='word_1_160' title='bbox 140 2442 291 2507; x_wconf 86' lang='lat' dir='ltr'><strong>Aeneidis</strong></span> <span class='ocrx_word' id='word_1_161' title='bbox 315 2445 462 2529; x_wconf 80' lang='lat' dir='ltr'><strong>singulos</strong></span> <span class='ocrx_word' id='word_1_162' title='bbox 485 2445 586 2509; x_wconf 91' lang='lat' dir='ltr'><strong>libros</strong></span> <span class='ocrx_word' id='word_1_163' title='bbox 611 2449 805 2531; x_wconf 79' lang='lat' dir='ltr'><strong>argumenta</strong></span> <span class='ocrx_word' id='word_1_164' title='bbox 829 2444 914 2509; x_wconf 91' lang='lat' dir='ltr'><strong>senis</strong></span> <span class='ocrx_word' id='word_1_165' title='bbox 937 2443 1135 2509; x_wconf 81' lang='lat' dir='ltr'><strong>hexametris</strong></span> <span class='ocrx_word' id='word_1_166' title='bbox 1158 2466 1234 2508; x_wconf 89' lang='lat' dir='ltr'><strong>con·</strong></span> <span class='ocrx_word' id='word_1_167' title='bbox 1304 2432 1307 2438; x_wconf 42' lang='lat'>¹</span> 
     </span>
     <span class='ocr_line' id='line_1_21' title="bbox 88 2549 1234 2636; baseline 0.003 -24"><span class='ocrx_word' id='word_1_168' title='bbox 88 2549 178 2612; x_wconf 87' lang='lat' dir='ltr'><strong>clusa</strong></span> <span class='ocrx_word' id='word_1_169' title='bbox 201 2549 234 2613; x_wconf 91' lang='lat' dir='ltr'><strong>in</strong></span> <span class='ocrx_word' id='word_1_170' title='bbox 259 2550 462 2636; x_wconf 81' lang='lat' dir='ltr'><strong>Anthologia</strong></span> <span class='ocrx_word' id='word_1_171' title='bbox 484 2552 589 2616; x_wconf 87' lang='lat' dir='ltr'><strong>latina</strong></span> <span class='ocrx_word' id='word_1_172' title='bbox 612 2551 773 2616; x_wconf 88' lang='lat' dir='ltr'><strong>habentur</strong></span> <span class='ocrx_word' id='word_1_173' title='bbox 795 2549 842 2634; x_wconf 85' lang='grc' dir='ltr'><strong>ΙΙ,</strong></span> <span class='ocrx_word' id='word_1_174' title='bbox 869 2552 931 2615; x_wconf 87' lang='grc'><strong>194</strong></span> <span class='ocrx_word' id='word_1_175' title='bbox 955 2550 1081 2635; x_wconf 83' lang='lat' dir='ltr'><strong>Burm,</strong></span> <span class='ocrx_word' id='word_1_176' title='bbox 1104 2550 1234 2636; x_wconf 85' lang='lat' dir='ltr'><strong>Meyero</strong></span> 
     </span>
     <span class='ocr_line' id='line_1_22' title="bbox 86 2636 1234 2743; baseline 0.003 -24"><span class='ocrx_word' id='word_1_177' title='bbox 86 2656 214 2721; x_wconf 77' lang='grc'><strong>11223.</strong></span> <span class='ocrx_word' id='word_1_178' title='bbox 261 2658 370 2742; x_wconf 85' lang='lat' dir='ltr'><strong>Atque</strong></span> <span class='ocrx_word' id='word_1_179' title='bbox 398 2658 477 2722; x_wconf 89' lang='lat' dir='ltr'><strong>haec</strong></span> <span class='ocrx_word' id='word_1_180' title='bbox 506 2657 635 2743; x_wconf 88' lang='lat' dir='ltr'><strong>quidem</strong></span> <span class='ocrx_word' id='word_1_181' title='bbox 666 2658 832 2742; x_wconf 86' lang='lat' dir='ltr'><strong>poematia</strong></span> <span class='ocrx_word' id='word_1_182' title='bbox 859 2661 995 2741; x_wconf 89' lang='lat' dir='ltr'><strong>utraque</strong></span> <span class='ocrx_word' id='word_1_183' title='bbox 1023 2680 1089 2723; x_wconf 91' lang='lat' dir='ltr'><strong>non</strong></span> <span class='ocrx_word' id='word_1_184' title='bbox 1118 2636 1234 2722; x_wconf 71' lang='lat' dir='ltr'><strong>aetatis</strong></span> 
     </span>
     <span class='ocr_line' id='line_1_23' title="bbox 87 2762 1235 2848; baseline 0.002 -22"><span class='ocrx_word' id='word_1_185' title='bbox 87 2766 216 2828; x_wconf 89' lang='lat' dir='ltr'><strong>tantum</strong></span> <span class='ocrx_word' id='word_1_186' title='bbox 235 2768 312 2828; x_wconf 93' lang='lat' dir='ltr'><strong>sunt</strong></span> <span class='ocrx_word' id='word_1_187' title='bbox 330 2765 434 2848; x_wconf 89' lang='lat' dir='ltr'><strong>unius,</strong></span> <span class='ocrx_word' id='word_1_188' title='bbox 453 2765 508 2829; x_wconf 91' lang='lat' dir='ltr'><strong>sed</strong></span> <span class='ocrx_word' id='word_1_189' title='bbox 528 2765 671 2829; x_wconf 90' lang='lat' dir='ltr'><strong>eiusdem</strong></span> <span class='ocrx_word' id='word_1_190' title='bbox 690 2766 770 2829; x_wconf 90' lang='lat' dir='ltr'><strong>adeo</strong></span> <span class='ocrx_word' id='word_1_191' title='bbox 789 2764 939 2848; x_wconf 91' lang='lat' dir='ltr'><strong>hominis,</strong></span> <span class='ocrx_word' id='word_1_192' title='bbox 959 2762 1094 2847; x_wconf 84' lang='lat' dir='ltr'><strong>Sulpicii</strong></span> <span class='ocrx_word' id='word_1_193' title='bbox 1108 2763 1235 2848; x_wconf 92' lang='lat' dir='ltr'><strong>Apolli-</strong></span> 
     </span>
     <span class='ocr_line' id='line_1_24' title="bbox 87 2868 1234 2957; baseline 0.001 -24"><span class='ocrx_word' id='word_1_194' title='bbox 87 2871 175 2950; x_wconf 75' lang='lat' dir='ltr'><strong>naris</strong></span> <span class='ocrx_word' id='word_1_195' title='bbox 199 2869 486 2957; x_wconf 79' lang='lat' dir='ltr'><strong>Carthaginiensis.</strong></span> <span class='ocrx_word' id='word_1_196' title='bbox 523 2869 579 2954; x_wconf 91' lang='lat' dir='ltr'><strong>Vt,</strong></span> <span class='ocrx_word' id='word_1_197' title='bbox 602 2871 657 2955; x_wconf 91' lang='lat' dir='ltr'><strong>qui</strong></span> <span class='ocrx_word' id='word_1_198' title='bbox 682 2870 830 2935; x_wconf 86' lang='lat' dir='ltr'><strong>adhunc</strong></span> <span class='ocrx_word' id='word_1_199' title='bbox 854 2871 960 2954; x_wconf 92' lang='lat' dir='ltr'><strong>ipsum</strong></span> <span class='ocrx_word' id='word_1_200' title='bbox 985 2868 1135 2935; x_wconf 88' lang='lat' dir='ltr'><strong>Plautina</strong></span> <span class='ocrx_word' id='word_1_201' title='bbox 1158 2894 1234 2955; x_wconf 92' lang='lat' dir='ltr'><strong>quo-</strong></span> 
     </span>
     <span class='ocr_line' id='line_1_25' title="bbox 87 2977 1236 3065; baseline 0.002 -24"><span class='ocrx_word' id='word_1_202' title='bbox 87 2999 148 3061; x_wconf 92' lang='lat' dir='ltr'><strong>que</strong></span> <span class='ocrx_word' id='word_1_203' title='bbox 176 2985 368 3065; x_wconf 79' lang='lat' dir='ltr'><strong>argumenta</strong></span> <span class='ocrx_word' id='word_1_204' title='bbox 396 2979 516 3043; x_wconf 86' lang='lat' dir='ltr'><strong>referat</strong></span> <span class='ocrx_word' id='word_1_205' title='bbox 543 2977 779 3062; x_wconf 89' lang='lat' dir='ltr'><strong>quindenorum</strong></span> <span class='ocrx_word' id='word_1_206' title='bbox 808 3000 959 3042; x_wconf 87' lang='lat' dir='ltr'><strong>versuum</strong></span> <span class='ocrx_word' id='word_1_207' title='bbox 987 2998 1121 3042; x_wconf 91' lang='lat' dir='ltr'><strong>numero</strong></span> <span class='ocrx_word' id='word_1_208' title='bbox 1146 3000 1236 3043; x_wconf 89' lang='lat' dir='ltr'><strong>exae-</strong></span> 
     </span>
     <span class='ocr_line' id='line_1_26' title="bbox 87 3084 1235 3171; baseline 0.001 -23"><span class='ocrx_word' id='word_1_209' title='bbox 87 3086 265 3171; x_wconf 79' lang='lat' dir='ltr'><strong>quata**),</strong></span> <span class='ocrx_word' id='word_1_210' title='bbox 303 3087 337 3151; x_wconf 93' lang='lat' dir='ltr'><strong>in</strong></span> <span class='ocrx_word' id='word_1_211' title='bbox 373 3090 466 3150; x_wconf 90' lang='lat' dir='ltr'><strong>tanta</strong></span> <span class='ocrx_word' id='word_1_212' title='bbox 503 3085 612 3149; x_wconf 91' lang='lat' dir='ltr'><strong>Plauti</strong></span> <span class='ocrx_word' id='word_1_213' title='bbox 646 3084 853 3168; x_wconf 85' lang='lat' dir='ltr'><strong>Terentiique</strong></span> <span class='ocrx_word' id='word_1_214' title='bbox 890 3084 1134 3168; x_wconf 88' lang='lat' dir='ltr'><strong>propinquitate</strong></span> <span class='ocrx_word' id='word_1_215' title='bbox 1170 3107 1235 3149; x_wconf 92' lang='lat' dir='ltr'><strong>non</strong></span> 
     </span>
     <span class='ocr_line' id='line_1_27' title="bbox 89 3191 1234 3276; baseline 0.002 -22"><span class='ocrx_word' id='word_1_216' title='bbox 89 3192 270 3257; x_wconf 84' lang='lat' dir='ltr'><strong>mehercule</strong></span> <span class='ocrx_word' id='word_1_217' title='bbox 303 3195 413 3276; x_wconf 87' lang='lat' dir='ltr'><strong>inepta</strong></span> <span class='ocrx_word' id='word_1_218' title='bbox 445 3192 632 3257; x_wconf 87' lang='lat' dir='ltr'><strong>coniectura</strong></span> <span class='ocrx_word' id='word_1_219' title='bbox 666 3196 784 3256; x_wconf 89' lang='lat' dir='ltr'><strong>utatur.</strong></span> <span class='ocrx_word' id='word_1_220' title='bbox 839 3191 955 3255; x_wconf 90' lang='lat' dir='ltr'><strong>Paullo</strong></span> <span class='ocrx_word' id='word_1_221' title='bbox 989 3212 1085 3274; x_wconf 88' lang='lat' dir='ltr'><strong>quam</strong></span> <span class='ocrx_word' id='word_1_222' title='bbox 1117 3191 1234 3256; x_wconf 89' lang='lat' dir='ltr'><strong>horum</strong></span> 
     </span>
     <span class='ocr_line' id='line_1_28' title="bbox 87 3298 1235 3382; baseline 0.003 -21"><span class='ocrx_word' id='word_1_223' title='bbox 87 3300 282 3382; x_wconf 89' lang='lat' dir='ltr'><strong>asperiorem</strong></span> <span class='ocrx_word' id='word_1_224' title='bbox 306 3303 410 3364; x_wconf 86' lang='lat' dir='ltr'><strong>artem</strong></span> <span class='ocrx_word' id='word_1_225' title='bbox 429 3299 534 3364; x_wconf 87' lang='lat' dir='ltr'><strong>fateor</strong></span> <span class='ocrx_word' id='word_1_226' title='bbox 554 3299 807 3364; x_wconf 87' lang='lat' dir='ltr'><strong>acrostichorum</strong></span> <span class='ocrx_word' id='word_1_227' title='bbox 827 3320 910 3363; x_wconf 88' lang='lat' dir='ltr'><strong>esse:</strong></span> <span class='ocrx_word' id='word_1_228' title='bbox 935 3298 1020 3381; x_wconf 91' lang='lat' dir='ltr'><strong>quod</strong></span> <span class='ocrx_word' id='word_1_229' title='bbox 1039 3301 1150 3364; x_wconf 91' lang='lat' dir='ltr'><strong>tamen</strong></span> <span class='ocrx_word' id='word_1_230' title='bbox 1168 3322 1235 3364; x_wconf 92' lang='lat' dir='ltr'><strong>non</strong></span> 
     </span>
     <span class='ocr_line' id='line_1_29' title="bbox 88 3405 1235 3491; baseline 0.003 -25"><span class='ocrx_word' id='word_1_231' title='bbox 88 3410 137 3468; x_wconf 89' lang='lat' dir='ltr'><strong>est</strong></span> <span class='ocrx_word' id='word_1_232' title='bbox 170 3428 226 3470; x_wconf 90' lang='lat' dir='ltr'><strong>cur</strong></span> <span class='ocrx_word' id='word_1_233' title='bbox 259 3429 276 3471; x_wconf 91' lang='lat' dir='ltr'><strong>e</strong></span> <span class='ocrx_word' id='word_1_234' title='bbox 308 3409 492 3491; x_wconf 89' lang='lat' dir='ltr'><strong>temporum</strong></span> <span class='ocrx_word' id='word_1_235' title='bbox 525 3405 681 3471; x_wconf 87' lang='lat' dir='ltr'><strong>distantia</strong></span> <span class='ocrx_word' id='word_1_236' title='bbox 713 3409 856 3489; x_wconf 89' lang='lat' dir='ltr'><strong>repetas,</strong></span> <span class='ocrx_word' id='word_1_237' title='bbox 893 3426 967 3469; x_wconf 90' lang='lat' dir='ltr'><strong>cum</strong></span> <span class='ocrx_word' id='word_1_238' title='bbox 1004 3409 1056 3469; x_wconf 91' lang='lat' dir='ltr'><strong>sat</strong></span> <span class='ocrx_word' id='word_1_239' title='bbox 1091 3407 1235 3490; x_wconf 89' lang='lat' dir='ltr'><strong>locuples</strong></span> 
     </span>
     <span class='ocr_line' id='line_1_30' title="bbox 90 3512 1236 3598; baseline 0.003 -24"><span class='ocrx_word' id='word_1_240' title='bbox 90 3513 274 3595; x_wconf 88' lang='lat' dir='ltr'><strong>asperitatis</strong></span> <span class='ocrx_word' id='word_1_241' title='bbox 305 3536 420 3579; x_wconf 89' lang='lat' dir='ltr'><strong>caussa</strong></span> <span class='ocrx_word' id='word_1_242' title='bbox 447 3516 480 3579; x_wconf 91' lang='lat' dir='ltr'><strong>in</strong></span> <span class='ocrx_word' id='word_1_243' title='bbox 509 3518 661 3598; x_wconf 90' lang='lat' dir='ltr'><strong>promptu</strong></span> <span class='ocrx_word' id='word_1_244' title='bbox 689 3513 769 3577; x_wconf 88' lang='lat' dir='ltr'><strong>haec</strong></span> <span class='ocrx_word' id='word_1_245' title='bbox 793 3515 848 3596; x_wconf 92' lang='lat' dir='ltr'><strong>sit,</strong></span> <span class='ocrx_word' id='word_1_246' title='bbox 873 3512 958 3597; x_wconf 91' lang='lat' dir='ltr'><strong>quod</strong></span> <span class='ocrx_word' id='word_1_247' title='bbox 982 3513 1149 3598; x_wconf 85' lang='lat' dir='ltr'><strong>negotium</strong></span> <span class='ocrx_word' id='word_1_248' title='bbox 1172 3536 1236 3577; x_wconf 89' lang='lat' dir='ltr'><strong>me·</strong></span> 
     </span>
     <span class='ocr_line' id='line_1_31' title="bbox 88 3617 1236 3704; baseline 0.003 -23"><span class='ocrx_word' id='word_1_249' title='bbox 88 3617 188 3683; x_wconf 88' lang='lat' dir='ltr'><strong>diocri</strong></span> <span class='ocrx_word' id='word_1_250' title='bbox 212 3626 327 3704; x_wconf 86' lang='lat' dir='ltr'><strong>poetae</strong></span> <span class='ocrx_word' id='word_1_251' title='bbox 356 3622 521 3686; x_wconf 88' lang='lat' dir='ltr'><strong>exhiheret</strong></span> <span class='ocrx_word' id='word_1_252' title='bbox 550 3644 699 3686; x_wconf 87' lang='lat' dir='ltr'><strong>versuum</strong></span> <span class='ocrx_word' id='word_1_253' title='bbox 728 3621 866 3686; x_wconf 85' lang='lat' dir='ltr'><strong>acartis</strong></span> <span class='ocrx_word' id='word_1_254' title='bbox 894 3619 1012 3685; x_wconf 88' lang='lat' dir='ltr'><strong>litteris</strong></span> <span class='ocrx_word' id='word_1_255' title='bbox 1041 3620 1236 3704; x_wconf 86' lang='lat' dir='ltr'><strong>incipiendo-</strong></span> 
     </span>
     <span class='ocr_line' id='line_1_32' title="bbox 88 3726 1236 3811; baseline 0.003 -24"><span class='ocrx_word' id='word_1_256' title='bbox 88 3746 160 3788; x_wconf 91' lang='lat' dir='ltr'><strong>rum</strong></span> <span class='ocrx_word' id='word_1_257' title='bbox 183 3728 368 3793; x_wconf 89' lang='lat' dir='ltr'><strong>necessitas.</strong></span> <span class='ocrx_word' id='word_1_258' title='bbox 416 3729 518 3805; x_wconf 82' lang='lat' dir='ltr'><strong>Quem</strong></span> <span class='ocrx_word' id='word_1_259' title='bbox 545 3733 654 3793; x_wconf 89' lang='lat' dir='ltr'><strong>autem</strong></span> <span class='ocrx_word' id='word_1_260' title='bbox 684 3728 781 3811; x_wconf 93' lang='lat' dir='ltr'><strong>prisci</strong></span> <span class='ocrx_word' id='word_1_261' title='bbox 805 3727 962 3792; x_wconf 90' lang='lat' dir='ltr'><strong>sermonis</strong></span> <span class='ocrx_word' id='word_1_262' title='bbox 986 3727 1128 3792; x_wconf 90' lang='lat' dir='ltr'><strong>colorem</strong></span> <span class='ocrx_word' id='word_1_263' title='bbox 1156 3726 1236 3792; x_wconf 88' lang='lat' dir='ltr'><strong>haec</strong></span> 
     </span>
     <span class='ocr_line' id='line_1_33' title="bbox 87 3832 1234 3919; baseline 0.001 -23"><span class='ocrx_word' id='word_1_264' title='bbox 87 3832 269 3897; x_wconf 88' lang='lat' dir='ltr'><strong>acrosticha</strong></span> <span class='ocrx_word' id='word_1_265' title='bbox 293 3835 448 3919; x_wconf 87' lang='lat' dir='ltr'><strong>produnt,</strong></span> <span class='ocrx_word' id='word_1_266' title='bbox 476 3858 548 3900; x_wconf 90' lang='lat' dir='ltr'><strong>eum</strong></span> <span class='ocrx_word' id='word_1_267' title='bbox 572 3858 638 3899; x_wconf 91' lang='lat' dir='ltr'><strong>non</strong></span> <span class='ocrx_word' id='word_1_268' title='bbox 663 3839 776 3918; x_wconf 87' lang='lat' dir='ltr'><strong>suapte</strong></span> <span class='ocrx_word' id='word_1_269' title='bbox 799 3838 915 3918; x_wconf 87' lang='lat' dir='ltr'><strong>sponte</strong></span> <span class='ocrx_word' id='word_1_270' title='bbox 939 3835 1051 3898; x_wconf 87' lang='lat' dir='ltr'><strong>natum</strong></span> <span class='ocrx_word' id='word_1_271' title='bbox 1075 3855 1155 3917; x_wconf 90' lang='lat' dir='ltr'><strong>esse,</strong></span> <span class='ocrx_word' id='word_1_272' title='bbox 1178 3834 1234 3898; x_wconf 92' lang='lat' dir='ltr'><strong>sed</strong></span> 
     </span>
    </p>
   </div>
   <div class='ocr_carea' id='block_1_3' title="bbox 87 4044 1234 4206">
    <p class='ocr_par' dir='ltr' id='par_1_3' title="bbox 87 4044 1234 4206">
     <span class='ocr_line' id='line_1_34' title="bbox 194 4044 1234 4116; baseline -0.002 -16"><span class='ocrx_word' id='word_1_273' title='bbox 194 4047 220 4116; x_wconf 75' lang='grc'><strong>*)</strong></span> <span class='ocrx_word' id='word_1_274' title='bbox 243 4047 335 4115; x_wconf 67' lang='lat' dir='ltr'><strong>Amce</strong></span> <span class='ocrx_word' id='word_1_275' title='bbox 358 4046 429 4101; x_wconf 83' lang='lat' dir='ltr'><strong>adeo</strong></span> <span class='ocrx_word' id='word_1_276' title='bbox 454 4046 534 4115; x_wconf 86' lang='lat' dir='ltr'><strong>sexti,</strong></span> <span class='ocrx_word' id='word_1_277' title='bbox 558 4046 632 4116; x_wconf 92' lang='lat' dir='ltr'><strong>quod</strong></span> <span class='ocrx_word' id='word_1_278' title='bbox 651 4046 687 4100; x_wconf 88' lang='lat' dir='ltr'><strong>ad</strong></span> <span class='ocrx_word' id='word_1_279' title='bbox 706 4045 844 4099; x_wconf 87' lang='lat' dir='ltr'><strong>Persam</strong></span> <span class='ocrx_word' id='word_1_280' title='bbox 863 4044 1031 4114; x_wconf 78' lang='lat' dir='ltr'><strong>pertinebat,</strong></span> <span class='ocrx_word' id='word_1_281' title='bbox 1049 4045 1142 4099; x_wconf 87' lang='lat' dir='ltr'><strong>lacera</strong></span> <span class='ocrx_word' id='word_1_282' title='bbox 1161 4045 1234 4115; x_wconf 80' lang='lat' dir='ltr'><strong>frag·</strong></span> 
     </span>
     <span class='ocr_line' id='line_1_35' title="bbox 87 4132 1234 4206; baseline -0.002 -16"><span class='ocrx_word' id='word_1_283' title='bbox 87 4138 184 4191; x_wconf 84' lang='lat' dir='ltr'><strong>menta</strong></span> <span class='ocrx_word' id='word_1_284' title='bbox 209 4136 347 4206; x_wconf 83' lang='lat' dir='ltr'><strong>quaedam</strong></span> <span class='ocrx_word' id='word_1_285' title='bbox 373 4135 401 4189; x_wconf 89' lang='lat' dir='ltr'><strong>iu</strong></span> <span class='ocrx_word' id='word_1_286' title='bbox 430 4135 599 4190; x_wconf 85' lang='lat' dir='ltr'><strong>membranis</strong></span> <span class='ocrx_word' id='word_1_287' title='bbox 624 4134 817 4190; x_wconf 83' lang='lat' dir='ltr'><strong>Ambrosiania</strong></span> <span class='ocrx_word' id='word_1_288' title='bbox 841 4149 985 4202; x_wconf 78' lang='lat' dir='ltr'><strong>superesse</strong></span> <span class='ocrx_word' id='word_1_289' title='bbox 1013 4132 1071 4189; x_wconf 88' lang='lat' dir='ltr'><strong>iam</strong></span> <span class='ocrx_word' id='word_1_290' title='bbox 1094 4134 1234 4204; x_wconf 80' lang='lat' dir='ltr'><strong>Parergon</strong></span> 
     </span>
    </p>
   </div>
   <div class='ocr_carea' id='block_1_4' title="bbox 86 4227 1235 4385">
    <p class='ocr_par' dir='ltr' id='par_1_4' title="bbox 86 4227 1235 4385">
     <span class='ocr_line' id='line_1_36' title="bbox 86 4227 1235 4385; baseline 0.016 -38"><span class='ocrx_word' id='word_1_291' title='bbox 86 4243 114 4295; x_wconf 36' lang='grc' dir='ltr'><strong>Ρ,</strong></span> <span class='ocrx_word' id='word_1_292' title='bbox 134 4227 323 4385; x_wconf 55' lang='grc' dir='ltr'><strong>2911ζ8ἓὲἒζ</strong></span> <span class='ocrx_word' id='word_1_293' title='bbox 339 4314 513 4371; x_wconf 69' lang='lat' dir='ltr'><strong>concinnitas</strong></span> <span class='ocrx_word' id='word_1_294' title='bbox 537 4332 600 4369; x_wconf 90' lang='lat' dir='ltr'><strong>cum</strong></span> <span class='ocrx_word' id='word_1_295' title='bbox 622 4314 708 4384; x_wconf 87' lang='lat' dir='ltr'><strong>plane</strong></span> <span class='ocrx_word' id='word_1_296' title='bbox 731 4311 854 4368; x_wconf 88' lang='lat' dir='ltr'><strong>dubitari</strong></span> <span class='ocrx_word' id='word_1_297' title='bbox 876 4313 999 4379; x_wconf 83' lang='lat' dir='ltr'><strong>nequeat</strong></span> <span class='ocrx_word' id='word_1_298' title='bbox 1017 4310 1085 4380; x_wconf 89' lang='lat' dir='ltr'><strong>quin</strong></span> <span class='ocrx_word' id='word_1_299' title='bbox 1103 4314 1235 4366; x_wconf 88' lang='lat' dir='ltr'><strong>constans</strong></span> 
     </span>
    </p>
   </div>
   <div class='ocr_carea' id='block_1_5' title="bbox 87 4401 1234 4563">
    <p class='ocr_par' dir='ltr' id='par_1_5' title="bbox 87 4401 1234 4563">
     <span class='ocr_line' id='line_1_37' title="bbox 87 4401 1234 4474; baseline -0.004 -16"><span class='ocrx_word' id='word_1_300' title='bbox 87 4404 172 4460; x_wconf 86' lang='lat' dir='ltr'><strong>fuerit</strong></span> <span class='ocrx_word' id='word_1_301' title='bbox 190 4406 219 4459; x_wconf 87' lang='lat' dir='ltr'><strong>in</strong></span> <span class='ocrx_word' id='word_1_302' title='bbox 236 4406 374 4474; x_wconf 88' lang='lat' dir='ltr'><strong>omuibus,</strong></span> <span class='ocrx_word' id='word_1_303' title='bbox 392 4405 476 4460; x_wconf 78' lang='lat' dir='ltr'><strong>facile</strong></span> <span class='ocrx_word' id='word_1_304' title='bbox 494 4403 670 4474; x_wconf 77' lang='lat' dir='ltr'><strong>intellegitur</strong></span> <span class='ocrx_word' id='word_1_305' title='bbox 687 4403 718 4458; x_wconf 93' lang='lat' dir='ltr'><strong>in</strong></span> <span class='ocrx_word' id='word_1_306' title='bbox 731 4401 945 4472; x_wconf 85' lang='lat' dir='ltr'><strong>Amphitruonis</strong></span> <span class='ocrx_word' id='word_1_307' title='bbox 961 4402 1137 4470; x_wconf 75' lang='lat' dir='ltr'><strong>argumento,</strong></span> <span class='ocrx_word' id='word_1_308' title='bbox 1156 4401 1234 4454; x_wconf 86' lang='lat' dir='ltr'><strong>cuius</strong></span> 
     </span>
     <span class='ocr_line' id='line_1_38' title="bbox 87 4489 1024 4563; baseline -0.004 -15"><span class='ocrx_word' id='word_1_309' title='bbox 87 4494 170 4549; x_wconf 90' lang='lat' dir='ltr'><strong>hodie</strong></span> <span class='ocrx_word' id='word_1_310' title='bbox 190 4494 286 4549; x_wconf 81' lang='lat' dir='ltr'><strong>decem</strong></span> <span class='ocrx_word' id='word_1_311' title='bbox 304 4496 414 4548; x_wconf 88' lang='lat' dir='ltr'><strong>tantum</strong></span> <span class='ocrx_word' id='word_1_312' title='bbox 434 4495 567 4562; x_wconf 86' lang='lat' dir='ltr'><strong>feruutur,</strong></span> <span class='ocrx_word' id='word_1_313' title='bbox 587 4493 709 4563; x_wconf 89' lang='lat' dir='ltr'><strong>quinque</strong></span> <span class='ocrx_word' id='word_1_314' title='bbox 728 4509 823 4548; x_wconf 85' lang='lat' dir='ltr'><strong>versus</strong></span> <span class='ocrx_word' id='word_1_315' title='bbox 842 4489 1024 4552; x_wconf 70' lang='lat' dir='ltr'><strong>intercidisse¹</strong></span> 
     </span>
    </p>
   </div>
   <div class='ocr_carea' id='block_1_6' title="bbox 0 0 1474 5004">
    <p class='ocr_par' dir='ltr' id='par_1_6' title="bbox 0 0 1474 5004">
     <span class='ocr_line' id='line_1_39' title="bbox 0 0 1474 5004; baseline 0 0"><span class='ocrx_word' id='word_1_316' title='bbox 0 0 1474 5004; x_wconf 95' lang='lat' dir='ltr'><strong> </strong></span> 
     </span>
    </p>
   </div>
  </div>
 </body>
</html>
