2992 5004
237 329 303 394 350
526 344 788 394 PROLEGOMENA
813 343 859 391 Dr:
882 342 1092 391 RATIONIBVS

238 490 476 555 dubitationem
499 490 642 574 positum
664 490 847 571 surrupui
870 486 921 574 (ut
942 488 1139 570 surrupuisse
1162 486 1251 552 Tria
1271 484 1329 574 83)
1355 489 1388 551 et

237 602 438 680 surruptas
456 602 554 682 atque
573 597 654 661 adeo
672 594 889 682 surrupio*)
904 618 963 678 pro
982 595 1123 677 surripui
1140 600 1301 677 surreptus
1318 616 1386 660 sur·

237 705 333 787 rapta:
356 704 490 770 fallatur
513 706 608 784 enim,
633 704 688 788 qui
711 703 844 767 illorum
867 703 1078 768 insolentiam
1102 723 1140 766 eo
1163 701 1328 786 deflectat,
1351 708 1387 766 ut

238 814 391 897 corrupta
425 834 442 875 1
475 811 650 876 rarioribus
682 811 793 893 surpui
824 812 982 892 surpuissc
1013 814 1139 892 surptus
1174 809 1291 874 formis
1329 811 1387 894 (ut

149 944 224 988 xcvr
237 941 266 985 v.
292 918 392 1006 1023)
423 919 617 1003 suspicetur,
651 941 731 1004 quas
762 940 827 982 non
857 918 1016 983 haberent
1046 917 1101 1003 qui
1131 915 1320 1002 expedirent
1350 917 1386 980 li·

237 1027 351 1092 brarii:
383 1027 435 1093 eui
464 1026 592 1111 quidem
621 1027 793 1110 suspitioni
821 1029 855 1090 et
884 1031 1023 1091 metrum
1048 1047 1144 1110 saepe
1167 1028 1330 1109 repugnat
1353 1028 1386 1088 et

236 1136 383 1216 aucupio
411 1156 564 1218 praesens
595 1134 793 1199 adversatur.
839 1132 953 1218 Itaque
982 1133 1044 1198 hoc
1072 1133 1159 1198 haud
1188 1133 1255 1198 scio
1280 1155 1321 1198 an
1347 1155 1385 1197 ex

237 1264 346 1326 prava,
366 1241 424 1305 sed
443 1241 554 1305 eadem
573 1241 659 1306 vitae
678 1263 738 1305 usu
756 1239 896 1324 probata
915 1240 1148 1304 consuetudine
1168 1262 1244 1304 suae
1264 1240 1384 1304 aetatis

236 1348 373 1414 Plautus
397 1347 583 1431 susceperit,
606 1347 731 1413 utalia
755 1346 913 1432 quaedam
936 1368 1003 1410 non
1022 1347 1129 1411 minus
1150 1348 1384 1414 memorabilia.

237 1493 279 1502 -
304 1457 438 1521 Praeter
462 1455 544 1519 haec
572 1476 594 1518 u
621 1455 711 1520 tenui
739 1477 797 1539 pro
820 1475 836 1519 1
859 1454 893 1518 in
915 1455 1056 1537 1111111
1077 1456 1292 1535 quaerundum
1315 1476 1384 1519 ccu-

236 1563 412 1628 ueuiumtus
434 1563 593 1644 repetundi
615 1584 644 1628 v.
658 1562 732 1627 366.
753 1563 826 1627 646.
848 1562 941 1626 1122.
963 1561 1062 1625 1133:
1085 1583 1107 1626 u
1130 1585 1188 1647 pro
1212 1583 1229 1627 o
1252 1562 1286 1626 iu
1309 1563 1385 1626 elu-

237 1677 312 1736 tum
334 1694 363 1735 v.
381 1671 457 1754 406,
481 1671 513 1734 in
537 1670 786 1736 Acheruntem
808 1670 882 1738 494.
906 1667 981 1753 525,
1005 1672 1037 1732 11
1060 1669 1093 1733 in
1115 1671 1279 1752 epistula
1302 1692 1384 1734 sem·

235 1800 301 1864 per,
325 1778 508 1843 certissimo
529 1782 637 1842 autem
656 1778 794 1842 consilio
813 1777 847 1841 iu
865 1777 1093 1854 adulescens,
1117 1776 1207 1840 cuius
1226 1776 1384 1840 vicariam

235 1887 407 1951 adolescens
434 1885 574 1950 formam
599 1886 652 1949 vix
677 1902 830 1969 umquam
858 1884 934 1948 boni
962 1884 1039 1948 libri
1068 1885 1138 1947 sine
1166 1883 1386 1967 discrepantia

237 1996 431 2078 agnoscuut3
464 2014 486 2056 u
518 2014 577 2077 pro
609 2013 653 2056 au
685 1991 718 2055 in
748 1991 907 2070 frudaui
938 2014 967 2055 v.
991 1991 1069 2073 413,
1102 1989 1140 2054 de
1169 1990 1320 2074 qualibus
1351 1991 1387 2055 in

236 2099 388 2184 Parergis
413 2100 536 2164 dictum
560 2122 589 2182 p.
605 2095 742 2183 541**):
767 2097 903 2182 denique
926 2120 948 2162 u
970 2119 1028 2182 pro
1051 2118 1071 2180 p
1094 2097 1127 2161 in
1151 2097 1243 2161 Sacri
1265 2120 1292 2162 v.
1308 2099 1386 2163 542.

237 2207 320 2291 546,
352 2207 488 2271 11111111
511 2207 585 2271 852.
631 2205 676 2270 Et
699 2205 852 2270 Plautum
881 2205 1011 2290 quidem
1034 2228 1092 2270 nec
1115 2204 1302 2288 sycophanta
1326 2228 1388 2271 nee

236 2314 386 2396 Lysiteles
408 2336 466 2378 nec
484 2314 677 2396 Olympicum
699 2336 758 2379 nec
777 2315 953 2397 myropalac
976 2313 1143 2398 scripsisse
1168 2313 1385 2397 locupletibus

236 2421 376 2486 testibus
402 2421 593 2486 credendum
618 2425 677 2505 est,
701 2422 757 2485 sed
780 2444 839 2506 pro
862 2443 883 2505 p
906 2425 963 2486 aut
984 2443 1007 2485 u
1030 2419 1255 2507 posuisse***)
1278 2424 1337 2485 aut
1360 2423 1387 2485 i:

236 2527 330 2592 nobis
364 2531 473 2592 tamen
507 2528 541 2592 in
573 2527 634 2592 hoc
667 2533 760 2593 caute
793 2528 968 2612 agendum,
1001 2528 1118 2612 quibus
1146 2527 1386 2618 incompertum

236 2657 313 2698 num
337 2636 428 2718 forte,
452 2657 588 2718 quorum
612 2637 740 2720 assequi
763 2636 945 2719 exemplum
970 2635 1145 2719 studemus,
1168 2639 1293 2699 veteres
1319 2636 1387 2701 iam

237 2742 342 2807 critici
365 2743 521 2807 usitatam
546 2766 604 2808 sua
626 2747 734 2808 aetate
756 2744 901 2807 litteram
919 2743 954 2806 iu
973 2742 1127 2806 Plautum
1152 2742 1261 2806 dedita
1284 2764 1387 2827 opera

236 2850 417 2935 intulerint,
440 2855 477 2914 ut
499 2874 563 2935 qua
586 2850 672 2916 hunc
696 2851 802 2935 ipsum
826 2873 960 2915 usurum
984 2849 1094 2932 fuisse,
1118 2849 1146 2913 si
1170 2850 1203 2913 in
1227 2856 1384 2934 promptu

235 2957 412 3041 habuisset,
435 2957 521 3022 haud
546 2981 623 3023 sane
647 2959 755 3042 inepte
779 2957 966 3023 ratiocinari
989 2959 1132 3040 possent.
1178 2955 1386 3040 Quamquam

236 3069 270 3127 et
292 3064 390 3128 Suria
413 3086 490 3128 sane
514 3069 548 3129 et
570 3065 681 3129 Musca
704 3064 852 3130 Donatus
877 3066 911 3129 iu
934 3063 1079 3148 Hecyrae
1104 3062 1129 3147 l,
1144 3064 1208 3147 2,8
1231 3067 1383 3147 testatur,

236 3176 269 3234 et
287 3170 385 3235 Suria
403 3171 577 3237 Sirracusac
595 3173 734 3238 sumbola
751 3171 939 3254 sucopbauta
963 3169 1126 3236 Cornutus
1150 3170 1234 3255 apud
1255 3167 1386 3236 Cassio·

236 3276 351 3342 dorum
370 3278 409 3342 de
429 3279 574 3363 orthogr.
588 3303 618 3364 p.
633 3280 721 3344 2286
733 3280 811 3361 [153
822 3279 888 3360 Κ.].
909 3278 1016 3343 Libris
1036 3283 1146 3342 tamen
1163 3276 1249 3362 quod
1268 3277 1303 3340 in
1323 3278 1386 3343 hoe

236 3382 365 3467 quidem
396 3407 516 3470 genere
545 3408 612 3451 nou
642 3387 777 3451 nimium
809 3387 981 3450 tribuimus
1017 3386 1164 3470 quamvis
1196 3383 1326 3466 lifitclcs
1352 3389 1387 3448 et

236 3493 412 3576 olimpicum
432 3497 465 3557 et
482 3494 650 3577 mircpolae
670 3494 831 3578 scriptura
850 3493 890 3557 ad
910 3492 1054 3576 aliquam
1079 3492 1218 3575 speciem
1242 3493 1385 3576 antiqui·

236 3601 314 3665 tatis
339 3600 579 3682 accedentibus,
611 3623 675 3666 uon
700 3600 846 3686 culpabit
866 3600 1005 3682 factum,
1039 3600 1130 3684 quii
1151 3620 1210 3683 pro
1233 3618 1254 3680 p
1277 3598 1385 3681 ipsius

237 3709 334 3773 medii
357 3708 428 3772 aevi
452 3712 521 3772 tam
545 3730 614 3773 esse
638 3709 803 3792 proprium
828 3730 926 3791 quam
949 3729 964 3771 c
987 3727 1045 3790 pro
1068 3727 1105 3769 ac
1127 3705 1385 3789 cogitaverit.-

237 3814 360 3880 Ooutra
381 3838 441 3901 pro
464 3837 486 3879 u
510 3816 620 3880 littera
642 3835 675 3879 oe
698 3814 891 3879 servandum
920 3813 983 3877 fuit
1007 3817 1043 3876 ut
1066 3836 1083 3876 1
1106 3813 1282 3876 vetustiore
1307 3835 1387 3878 con-

342 4028 367 4099 *1
396 4028 449 4099 [Cf.
470 4027 570 4098 Opuse.
590 4027 659 4097 phil.
679 4026 704 4080 ΙΙ
724 4045 750 4096 p.
771 4030 824 4080 544
842 4023 949 4093 annot]

324 4119 365 4189 ’ἢ
385 4118 436 4189 [Cf.
457 4117 558 4188 Opusc.
578 4116 646 4187 phil.
667 4118 692 4170 ll
712 4135 738 4186 p.
759 4116 831 4186 414]

306 4209 363 4279 ***)
392 4209 452 4280 [Ex
475 4206 649 4261 Addendis
673 4225 699 4276 p.
724 4219 853 4260 ccam:
888 4203 990 4273 ‘longe
1018 4202 1270 4257 luculentissimum
1297 4202 1386 4259 docu-

235 4301 373 4367 mentum,
392 4314 447 4367 quo
470 4314 521 4367 pro
541 4314 560 4367 y
578 4295 710 4351 Plautum
727 4311 748 4347 u
767 4292 910 4361 scripsisse
930 4292 1103 4362 probaretur,
1122 4291 1226 4346 licebat
1245 4308 1260 4346 a
1280 4292 1386 4349 Bacch.

237 4390 512 4457 1111111111
541 4387 589 4441 ubi
608 4386 661 4441 nisi
680 4385 892 4456 pronuntiatum
912 4400 972 4437 esee
992 4383 1165 4436 Crucisalum
1191 4398 1232 4435 ure
1259 4398 1293 4435 ea
1314 4381 1386 4437 Gru-

234 4479 293 4532 ealo
311 4476 462 4547 putaveris,
481 4477 559 4546 lepos
578 4478 607 4530 et
625 4490 742 4529 acumen
760 4472 853 4544 perit'
894 4472 934 4527 Gt.
954 4472 1055 4541 Opuse.
1074 4472 1144 4542 phil.
1164 4470 1202 4524 IV
1221 4487 1248 4538 p.
1269 4471 1345 4543 1411]
