2986 5010
406 391 671 439 ansnnarronrs
695 392 903 442 rnlvrruan.
1161 376 1227 441 437

83 533 305 625 increpandus.
362 532 424 598 Sed
458 537 541 616 esto,
574 537 611 600 ut
644 534 690 600 sic
723 534 863 599 hiaverit
894 535 1047 601 Naevius.
1101 536 1228 621 Opponi

39 655 44 663 ”
83 645 191 706 autem
215 642 375 707 bonorum
398 642 643 727 peritorumque
666 646 837 726 poetarum
856 643 1066 728 multitudini,
1089 645 1227 728 quinon

81 747 145 814 nisi
168 748 316 813 consulto
341 752 374 813 et
397 749 494 815 certis
513 748 756 814 condicionibus
776 772 884 814 rarum
903 749 1029 814 hiatum
1047 755 1084 813 ut
1102 749 1227 814 Ennius

81 854 146 919 sibi
174 856 381 941 indulgeant,
413 855 495 921 tales
524 859 637 940 poetas
667 861 816 942 apparet,
848 880 929 942 quos
953 857 1033 922 artis
1057 856 1167 940 inopia
1190 879 1227 921 eo

53 1043 55 1045 ι
82 960 229 1047 adegerit
251 967 288 1027 nt
311 963 339 1028 si
363 964 486 1028 vellent
505 956 617 1028 versus
636 963 763 1029 efficere
782 964 926 1048 omnino,
950 969 982 1030 et
1005 965 1135 1029 crebros
1158 963 1227 1028 hia-

81 1072 134 1133 tus
159 1073 192 1133 et
214 1071 416 1154 promiscuos
441 1071 539 1135 etiam
562 1071 709 1136 nolentes
735 1071 798 1137 sibi
821 1072 907 1138 elabi
925 1075 1125 1155 paterentur:
1150 1095 1226 1157 qua·

80 1175 121 1240 lis
140 1175 241 1242 fuisse
255 1177 399 1243 Naevius
418 1177 544 1242 dicitnr.
576 1177 663 1242 Nam
687 1177 785 1243 etiam
811 1199 927 1263 genere
950 1200 1084 1263 prorsus
1108 1178 1226 1244 diversi

82 1287 158 1347 sunt
181 1283 340 1349 Naeviani
368 1283 476 1348 hiatus
499 1283 548 1348 illi
572 1274 634 1366 qud
659 1285 795 1350 accolitis
819 1289 852 1349 et
875 1284 970 1351 Grdii
992 1284 1096 1371 rique,
1128 1288 1226 1370 atque

81 1378 278 1456 Graecorum
302 1391 448 1476 exemplo
472 1392 604 1475 probati
627 1391 730 1474 &apid
753 1394 867 1457 inuicte
890 1389 988 1479 (quae
1011 1393 1110 1456 rerba
1132 1414 1225 1457 roca·
1266 1412 1269 1423 ·

82 1499 121 1562 lis
154 1496 363 1584 sequebatur)
394 1501 427 1563 et
456 1497 564 1564 eccae
592 1501 639 1563 in:
678 1499 717 1564 ad
741 1500 825 1584 quod
855 1521 957 1585 genus
982 1500 1087 1564 solum
1110 1499 1226 1564 ultima

81 1607 179 1671 verba
202 1603 367 1672 Ciceronis
391 1610 540 1690 spectant
561 1605 616 1671 boc
638 1607 718 1669 idon
740 1607 854 1671 reostri.
869 1657 876 1670 .
892 1656 898 1670 .
914 1607 1032 1671 ⁸soleret.
1060 1605 1130 1671 lam
1149 1628 1224 1671 vero

81 1713 158 1798 quid
181 1717 232 1777 est
254 1713 397 1796 tandem,
421 1735 551 1798 quaeso,
575 1735 631 1778 cur
656 1734 727 1777 cum
751 1711 875 1778 Naevio
900 1713 1128 1798 potiusquam
1152 1735 1224 1778 cum

80 1820 136 1902 eis,
159 1819 213 1904 qui
237 1841 303 1885 non
327 1819 455 1884 sordere
477 1819 645 1884 Naeviano
670 1842 758 1884 more
783 1819 974 1903 maluerunt,
997 1818 1148 1885 Plautum
1171 1820 1222 1886 vel
1238 1844 1331 1885 cxcix

81 1950 141 1991 nos
175 1927 332 1993 sociemus
365 1926 415 1990 vel
449 1926 647 2011 cogitatione
680 1927 821 1991 sociasse
845 1923 1033 1992 Ciceronem
1067 1932 1225 2011 putemne,

81 2034 113 2099 h.
138 2057 163 2098 e.
192 2055 265 2098 eum
294 2034 483 2118 scriptorem
507 2033 563 2118 qui
586 2033 841 2118 neglegentioris
866 2034 945 2099 artis
969 2035 1117 2119 exemplo
1140 2032 1224 2100 Naa-

77 2142 131 2206 vio
154 2145 273 2226 ulatur,
296 2162 362 2206 non
384 2144 496 2205 utatur
518 2140 659 2206 Plauto?
704 2137 788 2204 Nam
814 2164 852 2205 ex
875 2163 922 2225 eo,
947 2141 1032 2226 quod
1057 2163 1129 2206 cum
1152 2142 1223 2225 ipso

77 2247 184 2313 Ennio
208 2270 267 2314 nec
291 2248 399 2332 poesis
423 2269 525 2332 genus
548 2268 606 2311 nee
628 2269 700 2311 cnm
724 2245 786 2313 hoc
809 2249 1016 2313 coniunctum
1036 2269 1136 2333 genus
1155 2248 1224 2313 hia·

76 2360 130 2420 tus
153 2355 288 2421 Plautus
313 2376 483 2420 commune
506 2353 616 2437 habet,
639 2376 704 2419 non
729 2355 935 2438 consequitur
954 2356 1099 2439 profecto
1118 2355 1224 2441 negle-

79 2463 223 2548 gentiam
253 2484 325 2527 eum
356 2484 426 2526 cum
458 2483 495 2526 eo
525 2465 623 2546 poeta
653 2483 857 2526 communem
885 2460 1052 2548 habuisse,
1086 2485 1223 2548 quocum

77 2570 184 2653 poesis
204 2591 330 2655 genere,
348 2569 409 2632 aed
430 2571 467 2633 ut
485 2569 645 2633 recentior
664 2590 737 2632 oum
757 2569 935 2634 vetustiore
956 2570 1146 2636 coniunctus
1165 2573 1223 2634 est.

79 2676 131 2741 Au
159 2677 297 2740 similem
326 2680 423 2759 atque
450 2675 484 2739 in
506 2673 631 2740 Naevio
660 2675 724 2740 fuit
754 2676 833 2740 artis
857 2675 1001 2760 inopiam
1024 2677 1074 2740 vel
1097 2677 1129 2740 in
1153 2676 1223 2739 hia-

79 2788 170 2847 tuum
195 2783 326 2848 licentia
349 2781 399 2846 vel
424 2781 458 2845 in
482 2782 554 2846 aliis
578 2782 727 2866 partibus
750 2782 896 2865 poeticae
920 2804 988 2848 non
1012 2783 1145 2866 cent-eni,
1168 2783 1223 2846 sed

75 2889 200 2954 milleni
235 2912 347 2954 versus
376 2887 519 2953 Plautini
550 2888 691 2974 produnt
722 2891 815 2952 tanta
845 2893 878 2952 et
906 2889 1066 2953 facilitate
1095 2889 1160 2953 fusi
1190 2893 1222 2952 et

79 2995 299 3061 concinnitate
327 2996 498 3080 elaborati,
526 2999 562 3060 nt
591 3017 663 3060 meo
689 3016 783 3060 sensu
808 2981 905 3059 etiam
929 3000 1082 3079 superent
1105 2995 1221 3060 Teren-

77 3103 202 3186 tianam
225 3103 420 3169 industriam
449 3107 481 3167 et
509 3103 675 3187 aliquanto
700 3104 920 3169 molestiorem
942 3104 1222 3170 lucubrationem?

73 3211 114 3274 ln
138 3209 267 3294 quibus,
300 3211 327 3276 si
351 3211 432 3275 nihil
456 3234 476 3275 a
498 3209 676 3276 Naevianis
701 3192 882 3295 differrent,
912 3211 988 3297 quid
1011 3211 1142 3276 tandem
1167 3212 1220 3275 ad-

73 3317 210 3382 miratos
233 3340 303 3383 esse
326 3318 398 3383 illos
422 3317 688 3401 existimabimus,
711 3317 750 3381 de
774 3316 890 3402 quibus
914 3316 1087 3383 Horatius:
1182 3332 1191 3348 “

234 3478 280 3542 At
303 3479 404 3543 nostri
427 3479 541 3562 proaui
565 3478 734 3546 Plautinos
759 3482 791 3542 et
816 3499 993 3542 numeros
1017 3482 1049 3541 et

232 3584 418 3650 Laudauere
442 3586 526 3650 sales
552 3588 615 3649 —l

73 3745 134 3811 Cui
164 3745 282 3810 iudicio
313 3744 374 3810 etsi
401 3767 467 3811 non
496 3747 689 3830 subscripsit
711 3745 875 3811 Horatius
900 3768 973 3810 cunr
1001 3745 1046 3809 eis
1072 3743 1223 3809 omnibus

73 3875 211 3937 quornm
239 3853 273 3917 in
303 3853 532 3918 diversissimis
561 3853 742 3918 rationibus
768 3853 878 3918 innixa
904 3874 988 3918 nova
1011 3874 1064 3917 ars
1088 3873 1221 3935 prorsus

73 3959 228 4043 opposita
250 3963 394 4024 veterum
424 3960 487 4023 arti
518 3959 594 4043 fuit,
626 3963 737 4024 tamen
767 3982 805 4023 ex
834 3959 915 4043 ipsis
942 3958 1104 4030 veteribus
1133 3961 1220 4023 vete-

72 4089 186 4131 rumve
219 4066 301 4131 artis
334 4065 487 4130 studiosis
523 4065 595 4150 quis
627 4088 780 4151 umquam
814 4065 914 4131 simili
947 4069 1044 4149 atque
1067 4064 1219 4130 Plautum

74 4173 257 4259 elegantiae
281 4173 374 4237 laude
398 4173 557 4239 Naevium
581 4172 781 4237 cumulavit?
806 4172 878 4255 quis
900 4170 1086 4237 Naevianos
1109 4194 1218 4237 nume-

71 4303 126 4344 ros
155 4279 333 4345 admiratus
363 4281 434 4345 est?
481 4279 542 4356 Qui
575 4279 702 4364 quidem
733 4281 831 4363 poeta
862 4278 939 4363 quid
970 4279 1088 4344 mirum
1118 4281 1146 4344 si
1177 4280 1218 4344 ab

71 4385 300 4451 Saturniorum
319 4386 390 4450 rudi
409 4391 443 4452 et
460 4387 583 4451 inculta
600 4386 708 4469 speeie
728 4385 903 4469 profectus,
921 4386 1086 4472 inquibus
1104 4386 1214 4453 huius-

73 4491 161 4557 modi
184 4494 288 4558 multa
310 4492 515 4577 admisisset,
538 4496 575 4558 ut
