2986 5010
446 360 710 412 nuannarioms
734 360 946 410 nnavmnns.
1207 344 1270 411 431

240 504 334 610 (lette
357 508 386 572 is
410 512 468 591 est,
493 509 521 572 18
545 511 596 573 est
612 509 757 590 profecto,
780 529 797 571 o
821 506 868 572 mi
890 530 942 572 ere
966 504 1229 592 exoptatissume.

236 613 287 678 Eo
310 613 443 678 domum
468 612 538 680 GH.
560 615 634 682 bars
657 621 698 700 tu,
721 621 790 681 osto
812 615 903 680 ilico:
926 616 1050 680 audie.
1075 637 1104 699 q.
1128 637 1153 679 s.

213 756 358 832 Quorum
381 780 532 823 versuum
558 762 702 824 extremo
727 779 786 823 nec
810 759 948 823 mutatio
972 780 1129 842 personae
1147 779 1206 823 nec
1225 758 1273 821 vis

123 865 369 931 exclamationis
397 887 456 931 nec
484 865 578 929 finis
608 865 829 929 sententiae
853 865 983 929 obstitit
1006 865 1142 930 elisioni.
1187 863 1274 930 Nam

92 1047 95 1052 ,
124 971 270 1057 profecto
289 972 389 1037 etiam
408 994 480 1037 cum
501 976 644 1038 mutatae
663 994 821 1057 personae
836 972 887 1037 vel
907 972 1152 1037 exclamationis
1171 994 1275 1057 pausa

123 1103 190 1147 non
213 1080 403 1145 coniunctus
427 1080 527 1164 ipsius
552 1080 787 1147 enuntiationis
812 1080 901 1164 finis,
925 1080 953 1144 si
976 1079 1137 1145 rationem
1160 1101 1273 1145 consu-

124 1187 235 1270 limus,
262 1210 329 1253 non
352 1187 486 1253 suadere
509 1191 651 1273 tantum,
679 1187 734 1252 sed
761 1187 908 1273 flagitare
931 1187 1204 1272 pronuntiationis
1227 1188 1274 1252 in·

123 1295 297 1360 tervallum
329 1295 469 1359 videtur:
504 1299 537 1359 et
568 1299 682 1360 tamen
716 1295 750 1360 in
782 1295 844 1360 hoc
874 1317 1001 1380 quoque
1031 1295 1128 1360 tertio
1157 1296 1273 1381 genere

125 1401 293 1467 elisionem
317 1405 445 1466 tantum
470 1402 564 1467 abest
586 1407 623 1467 ut
645 1401 888 1468 reformidarint
910 1408 1036 1486 poetae,
1059 1407 1096 1467 ut
1114 1424 1188 1467 rara
1206 1402 1274 1465 sint

91 1521 94 1524 '
124 1507 233 1574 hiatus
257 1510 413 1593 exempla.
460 1509 505 1574 Et
532 1510 568 1574 in
591 1509 779 1574 Trinummo
810 1511 938 1594 quidem
967 1510 1107 1575 nullum:
1136 1511 1169 1575 in
1198 1530 1273 1574 con·

125 1616 260 1681 trariam
283 1620 408 1700 partem
432 1617 575 1682 valentia
593 1616 723 1682 circiter
742 1618 858 1703 viginti
882 1618 1032 1719 quinque,
1056 1618 1144 1682 velut
1167 1615 1274 1702 (prae-

124 1727 173 1788 ter
202 1728 298 1790 antea
326 1724 438 1808 allata,
467 1723 500 1788 in
529 1724 646 1810 quibus
671 1725 862 1790 exclamatio
886 1723 1023 1809 accedit)
1046 1748 1075 1790 v.
1103 1725 1174 1790 195.
1199 1725 1273 1789 376.

125 1830 199 1896 681.
225 1831 299 1896 692.
324 1833 397 1896 717.
422 1831 495 1897 795.
518 1831 592 1897 826.
615 1831 689 1897 996.
717 1832 811 1898 1018.
837 1832 931 1898 1139.
958 1832 1055 1897 1150:

213 1972 303 2039 Istoc
324 1975 476 2039 uolebam
498 1977 583 2039 scira
606 1977 620 2038 a‘
642 1996 719 2039 sane
743 1979 830 2040 minc
853 1976 927 2040 iam.

216 2074 286 2146 Tria
309 2103 343 2146 rc
361 2082 462 2147 saleco.
476 2081 539 2162 ,boc
562 2081 656 2164 pacto
677 2082 718 2146 ab
738 2081 795 2147 illo
819 2086 979 2163 summam
1002 2082 1099 2146 inibis
1124 2083 1272 2167 gratiam.

214 2179 321 2253 Miam
349 2210 493 2254 sororem
520 2185 584 2252 tibi
612 2188 684 2253 dem
714 2189 828 2253 suades
853 2188 922 2253 sine
945 2191 1019 2254 (tole.
1047 2195 1081 2253 ot
1108 2212 1175 2255 non
1198 2193 1273 2255 con·

767 2297 864 2361 uenit.

215 2401 294 2478 Quis
318 2425 368 2467 me
393 2403 574 2487 improbior
597 2403 805 2486 pe‘rhibeatur
827 2404 911 2470 c'sse?
934 2405 1007 2469 boec
1028 2404 1245 2490 famigeratio.
1288 2420 1372 2461 oxon

215 2491 309 2574 lant
330 2510 439 2574 seren
462 2510 522 2575 aa
545 2511 652 2592 eequu
672 2510 774 2595 audis,
797 2509 981 2593 Lysiteles?
1005 2534 1065 2599 ego
1088 2514 1120 2577 a
1144 2511 1228 2577 uon.

133 2608 135 2613 ’
215 2616 445 2701 Inspectasque
467 2638 536 2684 esse.
560 2619 595 2682 ia
617 2612 806 2684 hiriusmodi
828 2620 971 2705 neg6tio.

216 2721 437 2808 Spilroificum
460 2725 644 2808 immanem,
667 2724 920 2809 intolerandum,
942 2729 1100 2792 arbonam.
1123 2746 1175 2809 opo
1198 2746 1273 2789 con·
1388 2760 1389 2767 1

234 2911 241 2930 ,
767 2839 819 2897 tra
842 2835 941 2917 opera
965 2840 1125 2918 expertus.

215 2935 262 3000 Vt
284 2939 367 3002 sciat
390 2959 424 3001 se
444 2940 622 3020 pasalan.
645 2960 697 3022 egro
721 2940 812 3005 abeo.
836 2941 921 3005 male
946 2940 1020 3005 uiue
1045 2943 1078 3005 e't
1101 2940 1184 3004 uale.

215 3041 390 3109 Memoriae
410 3067 480 3110 esse
498 3045 647 3110 oblitum?
670 3067 714 3110 aa
737 3068 824 3132 uero,
848 3046 924 3132 quia
947 3051 984 3112 tu
1006 3069 1079 3113 cum
1103 3047 1190 3132 frugi
1213 3046 1272 3111 ho-

767 3152 918 3218 minibus.

215 3256 322 3324 Nr'mis
356 3259 590 3346 pergraphicus
622 3261 818 3343 sicophanta.
850 3261 880 3324 is
911 3259 959 3324 mi
963 3261 1005 3323 lle
1037 3283 1206 3326 nummum
1239 3285 1274 3327 se

767 3374 910 3432 aureum.

217 3472 313 3539 Stilus
342 3478 408 3558 sto,
435 3497 494 3541 nec
523 3475 608 3560 quod
637 3480 772 3541 conatus
801 3499 874 3540 sum
901 3476 1011 3560 agere,
1033 3475 1115 3557 apo?
1138 3475 1274 3541 hortinas

770 3583 954 3669 c6nloquar.

129 3721 253 3798 Quibus
284 3724 465 3810 propinqua
495 3725 574 3791 haec
605 3730 694 3790 sunt:
729 3750 756 3790 v.
780 3726 855 3791 391.
885 3726 960 3791 590.
990 3725 1064 3790 624.
1096 3725 1168 3789 704.
1201 3726 1273 3789 748.

130 3830 202 3894 799.
229 3830 322 3896 1088.
349 3833 442 3899 1108.

217 3937 361 4024 Ergone,
391 3940 446 4024 qui
469 3943 537 4003 tam
560 3963 654 4004 rarus
677 3939 787 4004 hiatus
810 3939 855 4004 ibi
880 3940 952 4025 fuit,
975 3940 1031 4004 ubi
1054 3961 1157 4023 pausa
1179 3961 1273 4024 quac·

128 4043 202 4109 dam
226 4045 315 4110 vocis
342 4068 407 4111 non
436 4051 565 4111 tantum
594 4047 783 4112 offensionis
806 4047 888 4111 nihil
913 4048 968 4112 sed
993 4047 1071 4112 adeo
1096 4047 1274 4131 plurimum

129 4152 419 4217 commendationis
442 4153 586 4238 haberet,
610 4175 734 4236 eumne,
757 4154 814 4219 ubi
837 4156 879 4219 ab
903 4155 1014 4218 eadem
1038 4158 1130 4239 parte
1158 4175 1198 4217 ne
1222 4174 1275 4216 ex·

128 4261 307 4326 cusationis
326 4261 456 4345 quidem
475 4262 648 4347 quicquam
666 4264 817 4344 paratum
837 4265 896 4345 est,
919 4261 1081 4345 patienter
1098 4261 1274 4325 toleratum

129 4388 199 4431 esse
223 4367 481 4432 existimabimus
506 4372 538 4433 et
561 4373 690 4453 praeter
714 4368 871 4432 rationem
891 4390 1026 4451 pausam
1046 4369 1275 4451 pronuntiandi

129 4474 289 4556 platuisse
311 4476 367 4539 ubi
392 4474 570 4539 sententiae
593 4475 683 4540 nulla
702 4475 810 4539 esset?
843 4473 888 4538 Et
907 4474 968 4538 hoc
991 4481 1028 4540 ut
1051 4476 1132 4552 artis
1154 4476 1274 4541 fuerit?
