2992 5004
223 337 289 408 322
514 357 775 409 raonsconann
800 359 847 406 nn
870 354 1081 407 aenomaus

224 478 448 586 [1800118111
466 505 541 588 Ae]‚
564 529 592 569 v.
616 506 861 588 cosmopeia
885 526 902 569 e
926 521 1129 571 0581181101
1153 504 1274 570 collata
1297 503 1370 568 reli-

223 633 361 696 quorum
384 613 542 677 memoria
563 613 742 695 mlbplice,
763 613 926 695 1108611601.

312 719 374 785 Sed
398 742 497 804 quam
520 724 588 785 tam
612 721 783 784 luculentis
808 720 1016 785 documentis
1033 720 1269 805 praestantiam
1292 719 1371 783 Am·

222 827 366 891 brosiani
394 827 512 892 codicis
536 829 618 893 satis
645 828 885 893 demonstrasse
914 827 1036 912 videor,
1064 850 1136 892 eam
1160 828 1244 893 idem
1269 827 1370 910 probe

222 935 378 1020 intellego
399 957 464 1000 non
484 935 636 1001 contiuuo
655 936 758 1019 ipsius
781 936 977 1000 recensionis
1001 936 1141 1000 bonitati
1164 934 1371 1001 tribuendam

222 1064 306 1107 esse:
339 1043 439 1108 immo
470 1043 673 1128 largiendum
700 1047 752 1107 est
779 1046 851 1128 pari
882 1044 934 1108 vel
962 1042 1040 1108 adeo
1071 1044 1194 1108 maiore
1224 1043 1371 1108 bonitate

221 1149 367 1233 potuisse
385 1147 539 1234 Calliopii
563 1150 784 1216 recensionem
806 1173 886 1215 esse.
922 1150 1045 1216 Verum
1069 1151 1101 1215 id
1125 1155 1162 1215 nt
1184 1151 1231 1215 ita
1255 1171 1371 1233 reapse

221 1277 293 1320 esse
315 1255 531 1322 demonstrari
554 1259 677 1342 nequit,
700 1259 748 1323 ita
770 1258 896 1323 tamdiu
919 1258 1046 1323 nullum
1070 1258 1110 1322 ad
1134 1256 1370 1323 emendandum

224 1385 316 1429 usum
340 1363 448 1448 habet,
471 1363 626 1448 quamdiu
649 1387 724 1447 non,
746 1366 852 1449 qualis
875 1366 1007 1430 tandem
1031 1386 1069 1429 ea
1096 1364 1239 1429 recensio
1261 1362 1372 1447 fuerit,

123 1531 131 1548 ,
221 1471 324 1536 libera
352 1473 522 1535 etiamtum
545 1494 565 1535 a
588 1472 791 1537 saeculorum
815 1471 977 1555 sordibus,
1006 1472 1156 1557 supparis
1180 1472 1298 1535 aetatis
1323 1472 1371 1536 lo·

221 1578 331 1661 cuples
353 1578 448 1642 testis
464 1600 533 1644 nos
557 1578 703 1643 edoceat:
732 1579 837 1664 qualis
862 1579 889 1642 si
914 1579 948 1643 in
971 1584 1125 1662 promptu
1149 1582 1244 1662 esset,
1266 1579 1370 1643 inte·

221 1705 327 1770 gram
356 1686 450 1750 nobis
473 1683 625 1769 Calliopii
653 1707 784 1769 operam
813 1690 998 1769 praestans,
1025 1708 1089 1751 non
1112 1706 1272 1770 negamus
1296 1708 1369 1749 carn

221 1816 280 1859 nos
318 1794 488 1858 fortasse
519 1814 596 1877 prae
628 1792 839 1858 Ambrosiani
871 1794 1057 1858 recensione
1090 1800 1256 1858 secuturos
1289 1814 1370 1856 esse.

221 1902 266 1965 At
280 1922 355 1966 vero
375 1904 575 1986 quantopere
593 1899 633 1963 de
651 1901 789 1983 pristina
807 1900 952 1963 bonitate
967 1897 1121 1984 Calliopii
1141 1901 1285 1965 recensio
1304 1922 1371 1965 non

220 2009 366 2091 potuerit
387 2029 453 2072 non
475 2008 685 2092 degenerare,
709 2006 874 2071 aestimari
899 2030 917 2069 e
941 2007 1038 2091 longe
1062 2008 1187 2071 minore
1211 2009 1369 2091 temporis

220 2115 392 2179 intervallo
420 2119 530 2198 potest
557 2114 645 2199 quod
674 2115 761 2179 inter
788 2112 854 2177 01)
881 2120 914 2178 et
941 2112 976 2176 B
1003 2114 1199 2178 intercessit:
1231 2136 1370 2198 quorum

219 2221 272 2285 hic
295 2225 353 2286 aut
375 2221 506 2285 illorum
530 2221 760 2286 additamentis
784 2225 884 2303 caret,
912 2225 949 2284 ut
972 2243 1000 2285 1.
1023 2221 1090 2285 263
1112 2223 1208 2303 errim,
1239 2225 1296 2286 aut
1323 2221 1370 2285 la·

220 2329 311 2393 cunis
340 2328 390 2392 vel
418 2328 592 2393 levioribus
621 2333 658 2394 ut
680 2352 709 2393 v.
736 2329 777 2393 10
804 2326 882 2415 (ca),
915 2330 963 2392 14.
990 2329 1030 2392 15
1054 2328 1067 2413 (
1090 2329 1124 2413 '),
1152 2327 1203 2393 vel
1226 2328 1372 2411 complu-

220 2437 305 2499 rium
329 2435 559 2500 vocabulorum
589 2441 624 2500 ut
647 2459 675 2501 v.
699 2436 764 2500 292
787 2456 862 2518 quos
884 2435 1086 2520 conlaudent,
1110 2436 1160 2500 vel
1184 2436 1263 2500 adeo
1288 2434 1371 2499 inte

221 2563 353 2626 grorum
381 2564 535 2607 versuum
563 2544 636 2608 322.
666 2543 746 2625 904,
779 2548 836 2607 aut
866 2542 958 2606 falsis
990 2543 1302 2627 transpositionibus
1333 2545 1394 2605 ut'

221 2672 250 2714 v.
273 2651 453 2732 6111111111
476 2651 580 2733 ipitar,
612 2650 785 2714 18111101
808 2671 928 2734 praece,
955 2651 1021 2714 215
1043 2651 1145 2715 uerbis
1166 2671 1280 2733 eorum,
1303 2650 1369 2714 281

221 2759 276 2823 tibi
302 2764 405 2842 canto,
433 2758 498 2822 366
526 2778 587 2822 esse
616 2758 769 2840 upundue,
797 2756 863 2821 392
890 2763 1017 2840 190111,
1044 2758 1108 2822 458
1137 2758 1193 2823 tibi
1219 2759 1371 2840 respondi,

220 2867 286 2931 463
314 2867 370 2931 toi
396 2865 648 2950 0110111011,“155
676 2866 776 2946 ipsum
804 2885 882 2948 rem,
913 2870 971 2929 ant
1004 2865 1079 2930 aliis
1112 2865 1305 2949 corruptelis
1334 2869 1372 2929 ut

171 2987 176 2999 “
220 2997 248 3039 v.
276 2975 341 3040 223
369 2974 464 3039 81111111
491 2995 550 3056 pro
577 2974 700 3056 simitu,
727 2971 792 3035 539
820 2970 990 3055 sodomitae
1019 2994 1078 3056 pro
1104 2973 1213 3057 futoro
1240 2975 1302 3056 ia,
1329 2995 1371 3037 ne

223 3105 307 3147 nunc
326 3083 420 3165 plura
438 3082 612 3147 cumulem:
632 3080 750 3166 quibus
769 3081 923 3164 exemplis
943 3081 1095 3146 omnibus
1114 3085 1151 3144 ut
1165 3081 1243 3164 aliis
1257 3081 1372 3144 multis

221 3211 321 3253 unum
352 3190 509 3254 bonitatis
542 3193 727 3254 consortem
755 3187 859 3252 Vetus
892 3188 949 3252 ille
980 3188 1087 3272 ipsum
1115 3187 1371 3253 Ambrosianum

128 3316 206 3356 inv
220 3294 328 3359 habet.
370 3293 458 3380 Ergo
483 3295 559 3358 illuc
583 3299 619 3358 ut
641 3293 780 3376 redeam,
804 3293 982 3377 scripturae
1005 3296 1208 3378 praestantia
1231 3295 1370 3360 Ambro-

220 3403 302 3466 siani
336 3401 412 3466 libri
445 3406 482 3465 ut
511 3424 577 3467 non
605 3403 648 3466 sit
676 3401 751 3466 ilico
781 3423 797 3464 e
826 3402 1068 3466 recensionis
1100 3402 1248 3467 bonitate
1280 3424 1371 3486 repe-

219 3508 325 3592 tenda,
348 3514 383 3573 at
406 3508 530 3573 aetati
555 3507 674 3574 codicis
697 3506 870 3572 tribuenda
893 3513 953 3592 est,
975 3530 1057 3593 quae
1080 3510 1146 3573 vim
1169 3509 1289 3574 habere
1313 3510 1371 3574 bo·

219 3616 332 3680 nitatis
363 3616 517 3681 vicariam
549 3616 681 3680 assolet.
727 3616 835 3698 Atque
864 3614 943 3680 haee
973 3638 1050 3682 vera
1077 3638 1193 3681 caussa
1219 3621 1283 3700 est,
1313 3639 1373 3681 cur

219 3723 401 3807 generatim
428 3702 584 3786 iudicanti
613 3743 678 3785 non
705 3722 811 3804 possit
838 3742 902 3786 non
933 3723 1035 3787 multo
1064 3724 1168 3788 maior
1195 3724 1373 3789 08805111-

220 3829 364 3895 brosiani
396 3850 493 3913 quarn
522 3827 747 3893 Palatinorum
780 3828 958 3893 auctoritas
987 3828 1096 3894 videri.
1146 3829 1231 3895 Hinc
1259 3836 1371 3896 autern

220 3959 348 4002 rursum
376 3936 437 4001 hoc
468 3936 687 4020 consequitur,
719 3939 757 3998 ut
780 3935 975 4020 ubicumque
1005 3941 1120 4022 suapte
1150 3943 1269 4003 natura
1298 3940 1371 4023 pari

220 4044 368 4109 bonitate
392 4043 458 4107 sint
481 4043 702 4127 discrepantes
729 4042 815 4106 inter
842 4064 877 4106 se
905 4043 1083 4127 scripturae
1107 4066 1124 4109 e
1147 4044 1274 4110 duobus
1298 4046 1372 4111 fon·

221 4151 310 4215 tibus
332 4150 399 4215 illis
423 4150 552 4235 ductae,
579 4149 671 4215 nulla
698 4148 800 4233 igitur
828 4154 865 4214 ut
893 4150 927 4214 in
950 4150 1107 4235 exemplis
1131 4151 1235 4216 adhuc
1259 4152 1372 4217 allatis

220 4257 382 4343 deligendi
412 4258 602 4340 necessitas,
635 4256 730 4321 nobis
766 4256 896 4341 quidem
930 4257 1026 4323 hodie
1059 4258 1146 4323 haud
1177 4263 1372 4325 cunctanter

221 4364 402 4450 sequendus
416 4365 449 4429 A
468 4365 521 4448 sit,
545 4370 581 4429 ut
603 4365 637 4428 in
661 4386 725 4449 quo
745 4363 829 4429 ratio
853 4364 1110 4449 antiquitatis
1134 4365 1263 4430 evincat
1284 4388 1374 4450 pro·

220 4470 470 4536 habilitatem
500 4471 595 4536 fidei
619 4470 775 4536 maiorem
799 4493 878 4535 esse.
925 4471 1026 4537 Velut
1048 4495 1122 4536 cnm
1145 4494 1204 4555 per
1226 4494 1261 4537 se
1285 4473 1374 4539 nihil
