2940 5004
247 298 312 361 530
533 315 792 363 raouuoouunn
816 317 863 363 na
888 315 1097 363 aaaroruuvs

246 463 290 522 cst
320 461 529 540 reponeretur
538 457 569 542 ²¹²)
591 458 658 542 'pro
686 464 767 523 estne
791 458 850 522 bic
872 480 915 522 aa
937 480 1000 523 aon
1022 463 1081 523 cst:
1108 458 1147 533 id
1171 457 1260 541 quod
1286 457 1394 521 multi-

167 598 171 605 ·
246 563 324 626 tudo
348 565 568 648 exemplorum
592 565 686 629 facile
710 565 880 649 unicuique
904 563 1177 649 persuadebit.**)

717 761 826 808 curva
849 742 918 807 XX.

87 873 246 915 cccxxvur
335 848 495 925 Quoniam
523 849 557 912 in
584 848 688 939 multo
717 849 906 933 ampliorem
935 850 1066 932 molem,
1098 870 1196 932 quam
1227 849 1338 932 primo
1363 855 1394 913 et

246 961 422 1021 statueram
446 961 479 1020 et
502 961 774 1039 exspectaveram,
797 955 876 1019 haec
894 954 1129 1040 Prolegomena
1152 961 1393 1038 succreverunt,

245 1087 310 1128 non
335 1065 393 1127 abs
417 1085 451 1127 rc
475 1061 549 1126 duxi
575 1062 728 1126 subiectis
748 1084 855 1126 rerum
875 1066 1088 1127 tractatarum
1108 1062 1276 1127 indicibus
1296 1063 1392 1126 lecto·

245 1194 317 1235 rum
345 1170 513 1236 commodo
542 1170 715 1234 consulere.
761 1169 911 1235 Lectores
940 1175 1049 1235 autem
1077 1170 1139 1234 etsi
1163 1168 1245 1259 mibi
1270 1169 1391 1234 multos

246 1282 377 1361 exopto,
410 1276 461 1341 vel
489 1277 620 1360 postulo
643 1279 752 1340 tamen
776 1298 846 1359 eos,
879 1277 905 1340 si
930 1277 985 1361 qui
1008 1277 1048 1340 ad
1072 1274 1248 1340 tractanda
1273 1277 1389 1339 veteris

245 1384 435 1449 Latinorum
464 1385 571 1467 poesis
599 1388 810 1447 monumenta
833 1386 1178 1466 monumentorumque
1203 1381 1389 1468 fragmenta

246 1490 389 1553 animum
423 1489 615 1572 applicaturi
653 1489 748 1552 sintz.
764 1511 804 1552 ne
837 1489 887 1553 vel
915 1489 1125 1573 neglegenter
1157 1490 1315 1573 ignorata
1343 1487 1390 1551 vel

245 1596 346 1661 stulte
370 1600 402 1660 et
426 1599 617 1679 arroganter
636 1600 745 1678 spreta
764 1594 892 1658 Bentlei
910 1594 1153 1679 Hermannique
1176 1599 1249 1659 arte
1273 1599 1307 1659 et
1331 1595 1390 1657 dis-

245 1703 379 1787 ciplina,
408 1702 498 1766 cuius
527 1722 587 1786 ego
614 1701 697 1765 nihil
722 1702 810 1765 volui
833 1701 897 1765 nisi
921 1701 1097 1785 probabilis
1121 1702 1285 1785 interpres
1311 1723 1389 1782 esse,

245 1810 365 1873 similia
395 1812 546 1894 portenta
577 1809 611 1871 in
641 1807 702 1871 boc
733 1828 848 1892 genere
876 1812 1007 1891 postera
1035 1812 1124 1872 aetas
1151 1808 1266 1872 videat
1293 1811 1388 1891 atque

244 1916 421 1999 praeterita
448 1916 545 1979 nimis
574 1914 678 1979 multa
708 1918 841 1997 experta
871 1918 921 1978 est
951 1937 1023 1979 cum
1054 1935 1172 2000 magno
1203 1915 1388 1979 litterarum

94 2041 229 2083 oooxxrx
244 2027 428 2086 nostrarum
450 2022 570 2089 damno
595 2026 700 2105 atque,
724 2026 760 2085 ut
782 2021 887 2085 dicam
910 2022 995 2105 quod
1015 2022 1128 2104 senti0,
1152 2020 1314 2086 Germani
1336 2043 1388 2084 no·

246 2130 343 2193 minis
367 2128 530 2192 dedecore.
577 2126 650 2192 Scio
679 2149 778 2211 penes
807 2150 927 2210 paucos
950 2129 1047 2192 hodie
1070 2128 1186 2192 harum
1208 2150 1320 2192 rerum
1344 2128 1387 2190 iu·

245 2236 364 2300 dicium
389 2258 471 2299 esse:
503 2237 558 2319 qui
582 2236 609 2299 si
632 2240 779 2300 nostram
803 2257 935 2318 operam
958 2235 1175 2318 probaverint,
1198 2235 1230 2299 b.
1255 2257 1281 2299 c.
1307 2235 1335 2299 si
1358 2241 1389 2297 et

245 2346 333 2406 recta
355 2341 409 2405 via
432 2363 470 2406 ac
492 2341 618 2405 ratione
642 2362 701 2405 nos
724 2342 889 2425 ingressos
914 2363 983 2405 esse
1002 2343 1035 2405 et
1053 2363 1070 2404 e
1089 2340 1228 2425 singulis
1248 2341 1388 2424 plurima

244 2469 309 2511 non
332 2448 441 2531 inepte
466 2448 643 2530 explicasse
667 2448 914 2531 pronuntiarint,
938 2447 1035 2512 ceteri
1058 2447 1099 2511 ab
1118 2446 1170 2511 his
1190 2447 1330 2532 discant,
1353 2452 1387 2512 ut

245 2553 418 2638 aliquando
446 2553 587 2618 iudicare
615 2555 679 2637 ipsi
707 2555 842 2637 possint.
887 2553 1023 2619 Discaut
1046 2558 1154 2618 autem
1178 2555 1226 2618 ita
1249 2558 1286 2619 ut
1310 2555 1386 2619 inci-

245 2661 336 2743 piant
363 2682 383 2723 a
410 2659 678 2745 credendo,‘qua
706 2661 758 2725 via
786 2661 857 2725 sola
880 2661 913 2724 iu
936 2660 1049 2744 quavis
1074 2663 1143 2724 arte
1167 2660 1291 2744 aliquid
1316 2683 1387 2745 pro·

243 2766 362 2830 ficitur:
387 2767 520 2831 credant
542 2767 645 2851 igitur
667 2789 732 2832 non
755 2767 878 2831 frustra
901 2771 1066 2831 tantorum
1088 2767 1297 2850 ingeniorum
1322 2772 1388 2830 tam

243 2874 446 2955 praeclaram
475 2873 576 2937 vitam
605 2874 639 2938 in
667 2875 719 2938 his
747 2874 865 2939 studiis
890 2877 1114 2957 consumptam
1138 2894 1222 2937 esse:
1256 2874 1389 2938 credant

243 3001 307 3044 non
330 2981 475 3064 potuisse
499 2982 533 3044 in
556 2981 617 3046 hac
641 2985 732 3064 parte
756 2982 925 3064 caecutire,
949 2974 1085 3066 quoru‘m
1108 2980 1143 3045 in
1162 2981 1299 3064 reliquis
1319 3004 1388 3066 par·

243 3088 331 3151 tibus
359 3088 541 3152 litterarum
569 3093 756 3153 nostrarum
784 3110 919 3153 acumen
944 3111 1106 3153 summum
1130 3091 1163 3152 et
1185 3088 1388 3171 incompara-

245 3194 343 3257 bilem
366 3195 518 3258 virtutem
545 3196 708 3259 communi
732 3216 890 3259 consensu
915 3194 1122 3258 admiremur:
1151 3192 1287 3258 credaut
1315 3194 1389 3277 plus

243 3298 419 3383 doctrinae,
441 3301 562 3384 iudicii,
584 3302 659 3365 fidei
682 3302 715 3365 in
739 3302 803 3366 illis
823 3324 919 3385 quam
939 3303 972 3365 in
991 3301 1131 3366 librariis
1151 3322 1232 3383 esse,
1255 3302 1388 3385 verique

243 3427 313 3469 esse
346 3406 483 3470 similius
516 3430 627 3472 eorum
660 3430 742 3493 quae
778 3409 1003 3492 praeceperint
1033 3408 1175 3491 plurima
1206 3428 1286 3470 vera
1320 3430 1389 3472 esse
1455 3417 1457 3428 '

242 3533 340 3594 quam
368 3513 508 3596 plurima
535 3514 630 3579 falsa:
668 3516 800 3579 credant
828 3515 964 3600 denique
987 3537 1054 3580 non
1077 3516 1207 3598 impune
1231 3515 1332 3580 licere
1356 3517 1390 3579 in

243 3618 356 3682 latinis
381 3620 507 3701 litteris,
531 3620 615 3704 quod
641 3620 669 3685 si
693 3621 765 3704 quis
784 3620 817 3682 in
837 3621 963 3703 graecis
983 3620 1078 3683 hodie
1097 3623 1217 3703 peccet,
1241 3623 1388 3686 omnium

242 3725 309 3789 risu
334 3725 532 3808 explodatur.
584 3724 670 3789 Nam
700 3726 742 3790 ab
769 3726 830 3790 hac
853 3727 982 3791 demum
1006 3725 1197 3815 uerecundia
1221 3729 1389 3813 progressi
1424 3808 1431 3814 ,

242 3837 275 3895 et
297 3833 423 3896 naviter
451 3833 670 3917 intellegendo
701 3836 734 3896 et
756 3834 930 3917 prudenter
953 3832 1129 3897 dubitando
1154 3837 1187 3894 et
1212 3831 1391 3919 diligenter

243 3938 426 4019 quaerendo
456 3939 517 4003 boc
541 3939 604 4002 sibi
627 3939 707 4003 iuris
731 3919 956 4022 vindicabunt,
988 3943 1025 4003 ut
1048 3937 1208 4021 imprimis
1233 3940 1390 4006 salutaris

243 4043 434 4108 hereditatis
458 4046 611 4110 beneficio
636 4050 800 4129 acceptam
820 4045 999 4110 doctrinam
1018 4046 1116 4109 etiam
1136 4046 1312 4110 emendent
1330 4070 1391 4132 pro

347 4184 374 4251 *t
394 4185 438 4255 [ln
457 4185 499 4241 ed.
519 4185 567 4239 alt.
592 4183 761 4239 Ritocbelius
780 4188 856 4253 aparte
879 4184 1010 4254 probavit
1033 4203 1096 4239 cum
1114 4183 1297 4240 Fleckeiseno
1317 4191 1390 4243 Anu.

242 4255 348 4331 pbil‚-t.
369 4263 402 4309 93
422 4258 466 4324 (ιι,
480 4259 558 4324 1866)
577 4275 604 4325 ρ.
620 4263 668 4310 61:
687 4256 722 4310 cf.
742 4273 826 4325 supra
844 4257 955 4327 p.428.]

268 4345 303 4409 2²3
315 4332 323 4398 ὲ
335 4331 385 4409 *¹31
396 4341 603 4417 [sentiebantur
628 4361 774 4414 operarum
798 4344 868 4399 vitia
891 4344 1030 4414 quaedam
1049 4345 1094 4400 hio
1114 4345 1273 4400 omittenda
1291 4350 1323 4402 et
1340 4350 1391 4404 ad-

242 4412 396 4469 ditamenta
415 4415 451 4469 ad
470 4416 532 4485 ipsu
550 4416 759 4486 Prolegomena,
779 4432 851 4486 quae
871 4415 988 4487 singulis
1008 4415 1076 4471 locis
1095 4416 1315 4492 subiunximus]
