2992 5004
420 339 681 389 susurremus
706 340 912 388 rnnvmuss.
1181 324 1243 389 361

99 483 210 563 cessit,
246 482 302 548 sed
333 483 479 549 substitit
506 484 539 548 in
567 483 686 568 bonu's,
717 484 852 550 simdi's:
884 485 972 549 ultra
1002 506 1176 570 progressa
1198 490 1249 551 est

98 591 223 675 tertiae,
247 591 303 656 sed
326 593 409 657 raris
434 592 589 677 exemplis
612 614 672 657 nec
696 614 822 677 semper
844 592 1047 658 dubitatione
1066 593 1187 680 vacuis,
1209 598 1245 659 ut
1260 608 1312 650 01³

97 704 161 766 rest
188 698 329 765 admisso
357 722 417 784 pro
444 720 494 766 res
520 704 572 765 est.
622 699 692 776 Quo
722 704 833 765 tamen
861 700 1045 785 religiosius
1074 700 1154 765 talia
1182 722 1246 765 ser·

99 807 205 873 venda
232 806 363 872 fuerunt
389 807 484 891 quale
516 811 566 872 est
593 807 628 871 in
656 807 688 872 A
716 810 842 872 exstare
871 807 977 872 visum
1000 831 1030 872 v.
1053 807 1117 874 537
1148 814 1186 873 ut
1206 810 1250 873 ud

99 916 224 980 tacitast
245 913 436 999 reductus*):
459 935 536 978 nam
560 914 621 978 etsi
643 914 796 979 usitatius
821 937 898 980 sane
920 914 1104 999 praedicato
1127 915 1161 981 in
1184 917 1247 981 fine

99 1023 260 1088 enuntiati
288 1022 395 1106 posito
422 1026 467 1085 est
494 1020 707 1106 adhaeret,t
692 1026 802 1087 tamen
829 1046 896 1088 non
925 1046 1000 1089 raro
1031 1022 1129 1088 etiam
1160 1021 1248 1087 aliud

102 1130 234 1216 placuit.
281 1129 381 1194 Velut
404 1128 613 1194 Ambrosiani
641 1151 701 1194 auc
702 1130 878 1194 toritatev
880 1129 976 1195 ‚563
1000 1130 1108 1194 firmat
1093 1132 1148 1195 tur
1174 1132 1251 1212 quid

99 1238 217 1303 bist
171 1243 217 1303 est
244 1238 360 1302 locutus
388 1242 483 1302 tecum
506 1258 566 1321 pro
593 1238 670 1318 quid
694 1237 744 1302 ou
771 1238 901 1303 beutrst
888 1243 1023 1302 ttecum
1047 1235 1099 1322 (ut
1121 1241 1251 1320 tempust

99 1346 237 1411 aderadi
259 1367 318 1429 pro
343 1350 459 1427 tempus
481 1345 646 1409 odusndtst
633 1350 694 1410 tu
718 1344 813 1429 432);
841 1366 870 1410 ss
898 1350 942 1410 est
968 1313 1128 1410 motcstum
1150 1346 1248 1410 libro·

101 1449 230 1538 rum**)
253 1455 324 1516 vest
326 1451 392 1536 igis
415 1454 508 1517 ttuen
509 1473 547 1515 ur
570 1474 599 1516 v.
623 1452 702 1538 9463
729 1457 780 1517 sut
780 1453 814 1517 iu
838 1451 896 1517 tu's
918 1473 1015 1519 suasu
1038 1452 1079 1517 ad
1103 1453 1249 1518 codicum

102 1560 198 1625 fidem
224 1559 272 1640 [at
297 1559 388 1640 intus
407 1559 502 1640 [anus
529 1583 558 1625 v.
582 1558 648 1624 454
671 1560 803 1645 propius
827 1560 974 1645 profecto
997 1560 1121 1626 accedit
1144 1584 1250 1647 quam,

102 1666 188 1752 quod
212 1688 281 1732 esse
305 1666 464 1732 usitatum
487 1667 566 1751 scio,
594 1668 679 1733 satin
703 1672 736 1731 tu
757 1668 864 1733 sauu's
887 1668 948 1749 [sic
971 1666 1076 1733 Trin.²
1099 1692 1172 1735 cum
1194 1670 1250 1750 A].

101 1774 154 1839 Ita
186 1797 215 1840 v.
238 1773 303 1840 365
335 1772 418 1838 nihil
451 1773 601 1858 interest,
632 1775 732 1839 multu
759 1776 787 1839 ei
815 1795 909 1857 opera
935 1781 1024 1858 opust
1055 1776 1179 1841 scribas
1208 1799 1250 1841 an

102 1882 253 1947 multost
276 1886 397 1964 operest
418 1901 508 1963 opus,
532 1903 730 1967 quamquam
753 1881 815 1947 hoc
839 1904 908 1946 esse
931 1882 1043 1948 durius
1068 1884 1169 1970 sensi3
1192 1905 1251 1949 nec

103 2014 131 2056 v.
155 1977 220 2055 3'29
244 2012 310 2054 non
332 1989 441 2073 potuit
464 2009 551 2053 omne
573 1994 676 2054 ardea
699 1995 829 2054 rneunut
851 1995 940 2055 tuum
962 1990 1043 2075 dici,
1066 1991 1128 2056 etsi
1152 2014 1171 2057 a
1193 2013 1251 2056 nu·

103 2118 267 2163 merorum
281 2096 316 2161 in
334 2097 443 2181 priore
457 2119 569 2162 versus
588 2101 680 2181 parte
700 2099 862 2183 elegantia
880 2102 1027 2183 praestat
1045 2120 1133 2164 omne
1151 2120 1252 2164 meum

102 2210 206 2270 sutem
229 2209 419 2269 tuumstoe-
443 2202 604 2270 Coniunct
589 2208 660 2269 tum
689 2210 739 2270 est
767 2211 876 2270 autem
903 2206 965 2272 boc
993 2227 1095 2327 genus
1123 2206 1252 2271 univer-

104 2336 176 2378 sum
204 2335 277 2377 cum
305 2312 505 2396 syntecticus
532 2312 670 2378 rationis
699 2313 861 2378 observat
836 2317 940 2397 trono,
972 2337 1057 2399 quae
1081 2314 1115 2380 in
1146 2336 1252 2381 emen·

104 2421 235 2486 datione
257 2420 370 2486 Plauti
342 2421 530 2486 tmaximi
558 2425 608 2486 est
635 2425 780 2487 moment
780 2423 800 2486 i.
765 2422 930 2488 tNam
958 2446 1021 2508 quo
1050 2424 1079 2488 is
1107 2445 1254 2489 sermone

104 2529 210 2593 utitur
233 2527 274 2592 ad
297 2528 383 2593 vites
406 2551 502 2594 usum
526 2550 729 2594 communem
749 2529 940 2614 composito,
963 2530 1004 2596 ab
1029 2554 1067 2597 eo
1091 2535 1124 2598 et
1146 2538 1200 2598 cst
1223 2535 1255 2597 et

103 2657 139 2702 es
165 2635 255 2700 verbi
282 2636 506 2720 omissionem,
536 2659 609 2702 cum
638 2660 658 2701 a
685 2637 791 2722 poetis
820 2640 890 2701 tum
914 2659 934 2701 a
957 2638 1169 2723 scriptoribus
1191 2639 1253 2703 fre·

106 2746 306 2829 quentatam,
330 2743 496 2809 sciendum
521 2749 571 2809 est
594 2743 726 2809 omnino
751 2766 822 2809 esse
841 2745 979 2810 alienam
998 2766 1058 2809 nec
1075 2746 1138 2810 nisi
1157 2746 1254 2810 reris·

105 2850 197 2916 simis
225 2850 470 2916 condicionibus
498 2851 755 2938 probatam.***)
801 2851 847 2916 Et
870 2851 1004 2917 alterius
1028 2851 1157 2937 quidem
1180 2874 1252 2937 per·

104 2980 204 3023 sonae
224 2959 370 3044 exempla
388 2959 557 3043 negotium
575 2980 735 3042 nusquam
753 2958 928 3042 facessunt,
952 2964 989 3025 ut
1008 2959 1125 3044 quibus
1146 2959 1254 3045 exigui

106 3065 216 3131 circuli
244 3066 425 3132 adiectione
453 3087 484 3132 es
510 3065 629 3150 ubique
655 3066 746 3132 nulla
775 3088 874 3150 opera
897 3066 1095 3132 restituatur.
1140 3066 1254 3151 Neque

106 3173 192 3239 enim
221 3173 384 3258 audiendi,
413 3174 441 3239 si
469 3173 526 3259 qui
553 3195 626 3239 cum
649 3172 784 3259 Botbio‚
813 3175 863 3240 cui
887 3173 1036 3240 Donatus
1059 3174 1197 3258 praeivit
1220 3174 1254 3239 in

106 3280 206 3346 Andr.
225 3280 283 3366 III,
306 3284 336 3366 2,
362 3282 412 3366 16,
436 3282 525 3347 velut
546 3281 627 3346 baec
651 3282 825 3347 defendant
847 3283 883 3346 in
906 3281 968 3347 bac
990 3282 1114 3348 fabula:
1144 3282 1256 3348 tabae

105 3393 141 3453 ut
162 3393 272 3453 nactus
293 3410 352 3473 pro
375 3388 495 3453 nactu’s
517 3412 545 3455 v.
569 3389 621 3472 63,
645 3393 706 3454 tute
729 3390 937 3472 obtorpundus
960 3390 1012 3472 96,
1034 3391 1187 3472 numquid
1208 3409 1255 3453 me

106 3500 272 3578 reperturus
302 3495 377 3574 198,
404 3496 433 3561 si
456 3545 463 3559 .
487 3546 494 3560 .
519 3548 525 3560 .
550 3501 584 3560 tu
610 3496 682 3561 binc
708 3497 851 3563 obituum
875 3498 953 3580 714,
981 3497 1047 3561 iam
1073 3517 1254 3565 recommen-

107 3607 190 3668 tatus
213 3602 292 3681 912,
319 3603 401 3685 qaod
427 3607 455 3667 te
481 3604 626 3684 accspr'sse
651 3604 757 3686 fassus
780 3605 855 3688 969,
878 3609 950 3687 post
972 3609 1005 3668 tu
1026 3603 1129 3685 factes
1152 3606 1254 3673 Obar-

106 3711 204 3775 mides
232 3708 310 3794 975,
342 3715 379 3775 ut
406 3708 617 3775 ctomidatus
644 3711 718 3796 977,
750 3733 833 3777 uuae
860 3714 888 3777 is
914 3713 1017 3794 factus
1045 3712 1119 3795 980,
1149 3713 1308 3794 fassuscx

108 3816 309 3884 Charmidem
327 3817 442 3882 dedisse
461 3818 536 3903 982,
557 3819 633 3900 quia
650 3840 812 3902 perpessus
834 3820 927 3885 1165.
965 3819 1028 3885 Sed
1045 3842 1086 3884 ne
1105 3820 1138 3884 in
1156 3820 1255 3885 tertia

107 3925 237 4011 quidem
255 3946 404 4009 persona,
419 3926 550 3992 maioris
573 3926 623 3992 vel
647 3926 767 3992 laboris
790 3927 842 3992 vel
865 3927 1018 3993 audaciae
1042 3930 1111 3993 erat
1133 3927 1255 3993 totiens

198 4125 223 4188 *)
243 4121 292 4190 [sd
313 4121 415 4176 incitas
436 4121 575 4176 redactust
597 4120 701 4188 Trin.²‚
724 4121 757 4173 ut
778 4120 897 4176 Poenuli
914 4120 962 4187 IV,
981 4127 1007 4190 2,
1026 4126 1074 4188 853
1098 4119 1133 4174 cf.
1152 4120 1255 4190 Opusc.

107 4210 177 4281 phil.
197 4211 236 4266 ΙΙΙ
254 4228 281 4280 p.
301 4211 356 4278 63,]

181 4301 227 4369 **)
252 4301 288 4369 [si
310 4315 336 4354 es
358 4299 483 4353 nsolcstus
505 4298 643 4367 praebent
665 4298 742 4354 libri:
769 4299 858 4369 ‘quod
880 4299 976 4369 potest
994 4298 1031 4354 ad
1049 4299 1075 4353 si
1092 4299 1256 4354 molestumst

112 4388 260 4459 spectare!
280 4386 384 4456 Trinl]

164 4479 227 4547 ***)
246 4477 299 4546 [Ol.
319 4477 418 4548 Opnsc.
438 4477 507 4547 phil.
528 4478 553 4531 Π
571 4495 598 4547 p.
619 4484 746 4547 totsqq,¹
765 4477 856 4549 alibi]
