2986 5010
252 329 316 394 388
539 346 802 395 rnouncouuua
825 347 873 393 on
896 346 1109 394 asmonrnvs

340 488 566 563 verecundari,
580 491 742 556 neminem
765 491 852 573 aprcd
872 491 1018 554 mensam
1041 490 1141 554 decet.

341 597 426 674 Quin
449 596 502 662 hic
524 599 647 680 quedem
670 598 759 682 cripit
781 598 873 662 illum
897 598 937 662 ab
962 619 997 663 se
1020 597 1245 663 abalienarier.

341 703 451 770 Meum
479 714 615 790 gnatum
643 704 696 770 hic
723 706 846 787 praedem
868 703 1083 770 Lesbonicum
1111 705 1241 790 quaerit
1264 709 1299 770 et
1322 707 1397 771 ami·

998 816 1071 876 crim
1095 832 1211 877 meum.

340 919 382 984 Di
397 918 608 1001 immortales,
623 917 758 984 basilica
771 919 824 983 hic
837 919 960 1000 qrsrilcm
974 918 1120 983 facinora
1135 918 1284 1002 inceptat
1303 921 1400 1005 loqui.

339 1025 430 1091 Meus
453 1029 504 1091 est
530 1025 583 1089 hic
605 1026 728 1106 quiden
752 1022 911 1089 Stasimus
936 1046 1057 1089 seruos.
1101 1024 1188 1090 Nam
1211 1027 1274 1111 ego
1297 1028 1399 1091 talen·

995 1136 1065 1196 tum
1088 1134 1250 1197 mutuom:

249 1237 378 1323 quando
401 1237 518 1304 horum
545 1261 696 1304 versuum
725 1239 831 1323 primo
858 1239 965 1322 nimpe
991 1241 1077 1321 apud
1101 1243 1212 1322 potest
1240 1262 1301 1325 pro
1325 1263 1400 1306 ana·

249 1349 363 1427 paesto
393 1368 475 1429 esse,
506 1346 608 1411 altero
638 1346 838 1431 bisyllabum
867 1367 936 1410 esse
963 1348 1131 1429 neminem,
1159 1346 1192 1410 id
1215 1348 1301 1430 qnod
1326 1352 1400 1433 post

251 1448 434 1516 Bentleium
458 1453 493 1516 in
515 1452 598 1516 Eun.
621 1449 684 1534 ΙΙΙ,
708 1452 738 1534 2,
762 1452 780 1515 7
806 1455 839 1515 et
861 1451 940 1517 Hee.
963 1451 1022 1535 III,
1048 1454 1075 1536 1,
1101 1454 1115 1516 1
1141 1474 1237 1517 nemo
1260 1454 1399 1539 ignorat,

249 1557 380 1641 reliquis
404 1564 588 1643 correptum
612 1581 681 1623 esse
704 1557 753 1622 bic
780 1562 855 1623 ante
878 1579 927 1640 qu.
974 1557 1037 1623 Sed
1059 1580 1117 1623 nec
1142 1559 1298 1644 ambigua
1321 1567 1398 1625 sunt

249 1665 416 1748 superiora
445 1665 517 1749 illa,
550 1669 583 1730 et
611 1686 715 1750 pauca
744 1686 761 1729 e
792 1664 1009 1729 consimilium
1037 1686 1095 1749 per
1123 1686 1235 1729 omnes
1265 1666 1396 1732 fabulas

248 1770 465 1838 multitudine.
511 1772 642 1858 Ergone
666 1776 814 1855 correpta
837 1794 907 1837 esse
929 1778 983 1856 ml,
1013 1793 1074 1858 mp,
1101 1794 1160 1856 mo,
1188 1778 1230 1856 tp,
1259 1779 1313 1858 tm,
1336 1797 1398 1859 mn,

247 1899 297 1942 mr
319 1880 529 1963 putabimus?
565 1879 715 1945 Profecto
738 1879 801 1944 hoc
824 1880 852 1944 si
875 1879 977 1964 licuit,
1000 1880 1082 1944 nihil
1105 1902 1172 1944 non
1195 1880 1317 1967 licebit,
1340 1904 1398 1948 nec

248 1986 352 2052 bellus
381 1987 685 2072 proceleusmaticus
699 1987 804 2060 'illum
830 2007 919 2069 quem
941 1986 1050 2051 babuit
1072 1986 1299 2053 sollicitandus
1324 1991 1396 2073 erit,

247 2116 306 2159 nec
334 2116 450 2179 operae
478 2095 617 2179 pretium
645 2092 745 2158 fuerit
772 2093 904 2158 omnino
938 2093 978 2158 ad
1011 2094 1155 2179 aliquam
1184 2098 1288 2159 artem
1323 2117 1396 2161 con-

248 2198 424 2264 dendorum
454 2222 604 2264 versuum
635 2198 854 2284 indagandam
884 2199 936 2264 vel
966 2199 1134 2264 tantillum
1165 2200 1289 2265 laboris
1319 2223 1394 2267 con-

247 2306 339 2370 ferre.
375 2306 422 2370 At
440 2328 497 2371 cur
513 2329 580 2372 non
599 2307 661 2371 sibi
680 2307 806 2372 licitum
826 2311 951 2372 veteres
970 2311 1085 2392 poetae
1108 2311 1265 2392 putarunt
1282 2309 1397 2373 eadem

247 2413 451 2496 correptione
474 2412 620 2476 velutin
642 2413 753 2476 anaim
776 2417 852 2477 tacet
873 2412 922 2477 uti
946 2412 996 2478 vel
1020 2413 1054 2477 in
1076 2415 1151 2477 adm
1172 2415 1243 2498 pol,
1271 2416 1398 2480 teredine

246 2520 365 2597 cirum,
392 2522 452 2584 erit
472 2524 573 2601 puter,
602 2518 767 2601 lectitare,
790 2519 894 2584 cotim
915 2541 1038 2604 cecam
1061 2522 1169 2584 scirem
1192 2523 1263 2586 res?
1310 2522 1398 2588 Luce

247 2626 364 2691 clarius
395 2629 446 2692 est
475 2626 657 2691 mehercule
686 2625 720 2689 in
751 2625 830 2709 ipsis
862 2627 1027 2691 vocabulis
1059 2626 1126 2692 illis
1159 2627 1281 2711 aliquid
1315 2651 1398 2716 esse,

247 2733 330 2798 unde
363 2755 477 2799 caussa
510 2732 724 2816 correptionis
757 2733 932 2816 repetenda
964 2734 1015 2796 sit.
1061 2732 1152 2809 Quod
1184 2738 1296 2799 tamen
1324 2759 1393 2802 non

246 2864 342 2926 posse
370 2842 404 2908 in
432 2842 578 2906 finalium
606 2843 724 2905 natura
751 2839 1000 2904 consonantium
1030 2840 1174 2924 positum
1203 2863 1286 2926 esse,
1321 2867 1397 2910 cum

246 2948 475 3013 dissimilitudo
503 2968 534 3011 m
558 2951 591 3011 et
613 2948 635 3011 d
657 2946 840 3011 litterarum
863 2946 969 3028 docet,
1000 2950 1070 3012 tum
1094 2948 1231 3013 aliorum
1255 2971 1397 3033 quorun·

246 3054 320 3119 dam
344 3056 564 3138 exemplorum
588 3053 787 3138 comparatio
811 3052 996 3138 persuadet,
1024 3077 1149 3139 quaec
1174 3055 1332 3141 ducimur,
1354 3063 1394 3123 ut

246 3159 401 3225 socianda
429 3183 498 3226 esse
526 3183 655 3245 unoque
683 3180 799 3246 genere
830 3160 1131 3245 comprehendenda
1154 3163 1394 3249 intellegamus,

246 3288 328 3349 quae
355 3289 414 3332 nec
441 3267 555 3352 ignota
583 3268 682 3353 vulgo
710 3271 743 3331 et
770 3288 810 3331 ex
837 3271 930 3350 parte
954 3290 994 3332 ne
1018 3267 1168 3334 dubitata
1191 3270 1324 3355 quidem
1348 3273 1396 3338 di·

245 3372 349 3438 versis
378 3377 489 3438 tamen
517 3374 688 3460 generibus
713 3374 907 3439 tribuerunt.
953 3373 1005 3438 An
1028 3376 1100 3460 quis
1123 3399 1190 3442 non
1213 3376 1296 3441 alias
1320 3382 1396 3444 tan-

245 3484 315 3545 tum
339 3485 554 3546 consonantes
577 3482 691 3546 finales
711 3480 883 3567 quaslibet,
906 3502 1017 3546 verum
1037 3482 1135 3548 etiam
1155 3506 1227 3548 cum
1247 3483 1299 3548 his
1320 3508 1398 3552 con-

244 3587 372 3652 iunctus
396 3587 532 3668 vocales,
555 3609 622 3652 uon
644 3587 718 3652 illas
742 3588 855 3652 breves
879 3588 971 3652 utin
995 3589 1091 3652 cuim
1113 3592 1213 3673 aprici
1233 3593 1396 3679 quidem,

246 3694 300 3759 sed
325 3698 441 3759 natura
463 3694 578 3779 longas
602 3695 720 3779 corripi
743 3694 888 3779 potuisse
913 3694 975 3758 sibi
998 3696 1229 3779 persuadebit?
1263 3697 1397 3785 Corripi

245 3800 335 3865 velut
356 3802 456 3881 fores
478 3802 623 3884 potuisse
647 3826 675 3866 v.
700 3802 777 3867 868:

139 3934 230 3977 cxnn
334 3907 433 3972 Fores
465 3908 608 3991 pultabo.
662 3908 714 3972 Ad
746 3910 876 3973 nostras
914 3908 1002 3973 aedis
1040 3908 1094 3975 hic
1126 3910 1255 3995 quidem
1291 3912 1398 3981 habet

882 4016 1004 4079 rectam
1029 4016 1115 4080 uiam
1139 4018 1205 4080 -Ι

244 4119 305 4184 Vel
329 4121 548 4185 accusativum
571 4141 683 4186 manus
707 4121 910 4205 pluralemve
933 4122 1169 4187 nominativum
1193 4123 1310 4190 Bacch.
1334 4128 1397 4214 ΠΙ,

244 4225 274 4309 3,
299 4227 348 4292 76.
372 4227 440 4292 Mil.
464 4227 505 4313 11,
528 4228 558 4312 3,
581 4229 637 4293 54:

332 4333 449 4399 Mauris
468 4335 553 4400 ferat
566 4335 607 4401 ad
625 4333 781 4420 papillas,
799 4357 960 4419 nusquam
980 4337 998 4400 d
1017 4337 1118 4403 labris
1138 4339 1231 4404 labra
1250 4340 1396 4409 adferat:

243 4436 326 4523 (sive
350 4445 559 4523 transponere
584 4443 629 4506 sic
653 4445 810 4526 praestat:
