2986 5010
255 314 322 380 4113
546 330 804 378 eac-waima
828 333 875 378 33
898 331 1108 379 nnoxms

257 495 367 539 amem
389 476 490 540 tuisse
512 498 549 539 or
569 477 718 558 33113133
740 480 910 542 amonem
932 500 952 539 a
972 500 1036 561 qua
1055 478 1138 540 ont
1155 477 1266 559 1393133
1284 451 1426 560 loyaut(

256 606 297 648 eo
323 584 430 647 minus
458 584 610 647 erasme
636 602 704 663 css,
736 607 801 668 qno
823 586 967 669 :pasius
990 592 1041 647 ud
1064 585 1099 647 in
1122 583 1202 647 illud
1224 586 1336 668 ipfflm
1360 587 1411 650 iu·

257 692 369 775 genita
392 691 501 755 indole
524 692 660 754 latinam
684 692 831 774 linguam
854 694 1039 771 1331133333,
1061 702 1097 753 ut
1120 714 1139 751 r
1159 692 1272 756 littera
1295 692 1411 756 finitas

257 796 402 878 efflatas
428 796 507 861 5303
529 799 637 861 minus
661 822 759 882 quam
777 805 790 860 1
808 800 919 861 hiteta
940 798 1062 882 finita}
1081 820 1195 862 omnes
1214 800 1412 883 corriperet:

256 926 333 967 nam
356 904 431 968 hinc
454 905 585 969 demum
609 907 804 989 perspicitur
826 908 882 989 qui
905 906 1037 969 tandem
1060 905 1183 969 factum
1207 907 1253 969 sit
1277 912 1315 970 ut
1334 930 1411 991 pro

256 1011 372 1075 (133333
401 1014 653 1077 masculinorum
680 1015 903 1077 nominativus
930 1020 1035 1075 (πᾶν
1063 1014 1236 1097 paullatim
1267 1015 1303 1078 in
1332 1037 1411 1079 con-

256 1125 399 1184 stantem
427 1120 621 1203 wrripiendi
648 1119 912 1183 consuetudinem
936 1121 1052 1183 abiret.
1096 1119 1187 1204 Ergo
1210 1141 1287 1184 cum
1309 1122 1413 1187 liceat

256 1248 334 1290 3333
358 1226 443 1290 idem
466 1227 501 1290 in
524 1226 598 1290 aliis
622 1248 750 1310 quoque
773 1226 896 1290 factum
920 1227 1088 1310 suspicari,
1109 1232 1220 1290 tamen
1243 1229 1412 1294 rationem

257 1333 289 1396 in
320 1339 472 1417 promptu
502 1355 573 1396 esse
603 1333 720 1397 debere
750 1335 909 1416 priminae
938 1333 1162 1417 productionis
1191 1335 1412 1421 intellegitur,

256 1440 320 1504 nisi
344 1440 501 1504 alucinari
524 1441 755 1524 potiusquam
779 1440 973 1522 persuadere
995 1441 1086 1504 velia
1123 1439 1412 1516 Quemadmodum

256 1548 359 1632 igitur
385 1548 425 1613 de
448 1548 613 1632 productis
642 1549 720 1612 clim
744 1556 789 1610 tn
809 1554 919 1629 qnater
938 1553 1087 1629 93011303
1105 1549 1238 1626 feliciter
1262 1555 1297 1614 31
1322 1551 1413 1617 simi·

257 1655 344 1719 libus
371 1679 467 1720 nemo
495 1656 666 1740 cogitabit,
698 1656 745 1718 ita
771 1678 832 1720 nee
859 1656 965 1736 quiior
991 1655 1043 1718 331
1064 1661 1158 1737 mser
1184 1655 1285 1721 facile
1310 1658 1412 1724 fidem

255 1763 427 1827 inventura
451 1763 526 1826 sint
573 1764 626 1826 An
645 1785 765 1845 puupff
787 1785 926 1846 quoque,
948 1763 1038 1826 cuius
1061 1768 1112 1827 est-
1135 1764 1309 1848 genetivus
1329 1788 1411 1847 pau-

250 1873 345 1953 peris,
369 1869 489 1934 Bothio
512 1869 678 1936 credemus
702 1868 881 1953 spondeum
903 1870 1031 1933 efficere
1054 1868 1137 1934 hieu
1156 1869 1214 1952 IV,
1233 1872 1264 1953 ἱ),
1279 1872 1327 1937 8?
1353 1875 1410 1957 qui

257 1999 367 2041 remus
391 1977 516 2061 pridem
540 1977 687 2040 immisso
712 1979 739 2041 ic
761 1982 895 2041 sanatus
917 1981 980 2039 est:

345 2118 380 2185 Si
403 2120 431 2182 is
455 2123 505 2183 est
528 2142 652 2203 pauper
674 2121 771 2203 atque
793 2119 879 2183 haud
904 2119 1019 2201 33133,
1042 2142 1182 2203 nequam
1204 2119 1363 2186 habetur:

258 2261 308 2324 rel
330 2262 450 2323 circiter
476 2269 552 2327 ante
581 2263 726 2328 vocalem
751 2285 809 2346 pro
833 2263 953 2326 cretico
976 2263 1121 2346 positum
1145 2259 1227 2328 cisa
1249 2262 1310 2347 IV,
1334 2267 1367 2348 2,
1391 2267 1412 2330 8

256 2369 291 2432 in
321 2369 368 2432 eis
400 2370 559 2450 versibus,
589 2391 726 2454 quorum
754 2390 812 2432 nec
843 2390 1030 2433 mensuram
1056 2391 1116 2433 nec
1142 2391 1300 2435 numeros
1325 2374 1414 2456 quis·

257 2498 355 2561 quam
379 2475 573 2561 explicarit?
597 2479 652 2560 qui
676 2475 806 2560 quidem
830 2475 1080 2540 concitatissimi
1099 2481 1176 2540 3331
1194 2479 1413 2561 anapaestici,

257 2582 304 2647 sic
327 2582 393 2647 fere
416 2583 630 2648 describendi:

123 2747 255 2787 333333
323 2725 398 2791 Nisi
422 2724 499 2809 quid
524 2726 568 2789 mi
592 2726 663 2809 opis
686 2726 720 2789 di
742 2726 829 2809 dant,
852 2723 998 2810 disperii:
1021 2748 1125 2810 neque
1144 2728 1228 2791 unde
1247 2730 1409 2794 auxilium

1003 2839 1153 2916 expetam
1177 2855 1239 2920 ego
1264 2834 1382 2901 habeo.

324 2940 375 3005 Ita
407 2939 588 3025 petulantia
619 2939 773 3004 miseram
805 2939 905 3004 habet
937 2941 1050 3004 animi:
1087 2962 1171 3024 quae
1203 2941 1236 3004 in
1271 2943 1402 3027 tergum

1002 3069 1109 3111 meum
1133 3069 1174 3112 ne
1197 3048 1319 3131 ue'niat,
1402 3034 1406 3038 ⁴

323 3154 408 3219 Male
441 3153 593 3237 formido,
626 3155 654 3218 si
685 3176 741 3219 era
771 3155 925 3219 resciscat
954 3159 1020 3219 tam
1053 3154 1219 3219 socordem
1251 3175 1324 3219 3333
1356 3178 1406 3220 33

1003 3263 1100 3347 quam
1124 3284 1204 3326 sum.

324 3368 428 3445 Quam
451 3369 485 3434 in
508 3369 657 3434 minibus
685 3369 776 3433 tenui
800 3369 1045 3453 310333303ρί-
1069 3368 1124 3433 hic
1146 3371 1222 3434 ante
1247 3369 1339 3434 aedis
1363 3371 1404 3436 ci·

1004 3476 1141 3560 31311333,

324 3583 388 3649 Vbi
413 3585 492 3668 cist,
515 3584 637 3649 nescio:
661 3585 734 3667 nisi,
757 3587 794 3647 ut
818 3585 878 3668 e‘go
904 3583 1029 3666 opinor,
1051 3584 1124 3648 loca
1147 3584 1268 3648 circiter
1286 3586 1405 3650 excidit

1004 3689 1083 3754 haec
1107 3691 1160 3756 mi.

257 3798 363 3867 Multo
386 3799 493 3863 minus
518 3799 675 3883 producta
698 3797 813 3862 ultima
835 3799 932 3880 icitur
955 3796 1151 3861 afferendum
1176 3802 1247 3863 erat
1269 3820 1309 3863 ex
1329 3798 1404 3863 Am·

257 3907 440 3991 phitruonis
472 3905 533 3993 (11,
556 3908 586 3988 2,
610 3902 668 3991 87)
700 3927 738 3970 eo
768 3905 855 3988 1000,
888 3905 921 3969 in
951 3926 1014 3989 quo
1041 3926 1198 3989 personae
1222 3909 1403 3971 mutantur:

256 4015 307 4079 vel
336 4015 450 4079 dicitur
478 4036 494 4077 e
523 4014 629 4078 medio
658 4013 841 4097 septenario
870 4011 1011 4075 iambico
1041 4010 1317 4095 Asin,11,3,2:
1355 4014 1405 4078 vel

257 4124 362 4204 coitur
385 4144 402 4186 e
427 4119 528 4187 Stichi
548 4119 603 4203 IV,
630 4121 658 4204 1,
682 4122 733 4203 23,
758 4120 812 4184 ubi
836 4120 869 4184 in
893 4119 1049 4184 trochaici
1072 4119 1167 4185 initio
1192 4120 1278 4200 Quid
1299 4124 1404 4206 391133

258 4230 429 4312 Eyiiycdmc
451 4250 526 4311 303,
549 4228 633 4311 quod
654 4227 790 4312 Lingius
814 4227 892 4291 dicit
915 4226 954 4290 de
977 4226 1069 4290 hiatu
1088 4249 1118 4310 p.
1133 4226 1176 4291 48
1196 4223 1269 4312 (qui
1288 4229 1325 4293 in
1342 4229 1404 4294 hac

258 4337 346 4401 omni
371 4358 486 4401 caussa
510 4335 592 4400 nihil
615 4335 753 4419 profecit
776 4330 1003 4420 disputando),
1030 4332 1200 4417 productio
1225 4338 1406 4402 excusatio

258 4465 333 4507 nem
357 4465 376 4507 a
399 4443 552 4527 contiguo
575 4442 706 4507 nomine
730 4441 861 4526 proprio
885 4440 994 4524 hahet,
1018 4461 1099 4524 quae
1123 4441 1292 4508 excusatio
1315 4444 1408 4509 nulla
