2940 5004
386 362 647 411 annnoirioms
672 362 877 411 curvamen.
1146 346 1211 412 483

67 513 244 591 onytonum
268 509 410 572 caiacum
433 509 600 574 dicendum
623 514 761 574 estnon
784 510 857 592 plus
882 508 1072 572 intentionis
1091 508 1211 572 habere
1225 534 1319 574 ccnnr

69 637 166 697 quarn
191 617 218 678 si
242 616 275 680 in
294 615 380 679 thesi
399 617 487 679 velut
506 616 551 680 sic
571 615 738 683 deliteseat
758 617 807 678 Τά
824 618 853 680 se'
871 617 1012 679 acinam
1031 615 1214 696 &measti

62 724 175 802 potius,
196 744 253 787 nee
273 724 452 787 sententiae
472 744 537 786 non
556 724 654 787 etiam
674 722 779 787 media
798 723 831 787 vi
850 722 1039 787 intentionis
1055 722 1213 786 satisfieri.

65 827 149 891 Item
168 827 284 892 Bacch.
304 851 330 894 v.
355 830 416 894 188
434 829 527 911 [220]
549 851 621 893 cum
640 829 800 893 sententia
819 828 931 892 extolli
949 831 1023 893 ouri
1046 830 1214 894 notionem

67 935 190 999 iubeat:
220 957 258 999 ea
285 958 358 999 oum
387 936 564 1000 fortissime
594 958 671 1001 sane
700 937 789 1001 velut
811 936 873 1001 hoe
896 938 1042 1020 exemplo
1067 941 1213 1000 acuatur:

64 1042 212 1106 Fortisse
233 1044 287 1107 isti
309 1045 386 1106 aare
409 1046 475 1106 iura
498 1044 573 1125 opus
596 1049 647 1127 est,
671 1048 782 1108 tamen
807 1065 844 1106 ex
868 1064 915 1127 eo,
939 1043 1025 1126 quod
1044 1045 1120 1109 talis
1140 1066 1212 1108 eon·

66 1149 219 1214 formatio
251 1151 423 1214 verborum
453 1150 528 1215 iniri
561 1173 624 1214 non
655 1154 779 1234 potest,
810 1172 876 1215 uon
909 1152 1116 1234 consequitur
1148 1173 1214 1215 non

65 1260 231 1338 praestare
262 1278 335 1320 eum
366 1257 525 1339 ordinem,
556 1257 611 1340 qui
642 1257 752 1340 aliquo
786 1256 882 1321 modo
914 1278 992 1320 aare
1025 1279 1135 1322 vocem
1168 1258 1215 1321 in·

64 1363 182 1426 tendit:
213 1364 299 1428 Nam
328 1365 397 1428 istie
424 1364 557 1444 fortusse
586 1365 714 1428 (tardet
742 1384 817 1445 optes
848 1360 958 1448 (quem
991 1364 1054 1447 ipsi
1087 1363 1214 1428 codices

65 1469 248 1554 praestant)
276 1492 354 1554 prae
382 1492 419 1534 eo
448 1493 511 1553 quo
540 1470 597 1535 illa
625 1492 756 1554 prorsus
785 1470 1012 1554 supprimitur:
1037 1471 1124 1534 Nam
1146 1472 1215 1534 istie

63 1578 195 1656 fortasse
217 1599 294 1641 aare
318 1579 393 1659 o‘pus
416 1583 468 1643 est.

157 1684 227 1749 lem
256 1685 328 1749 vide
356 1684 436 1749 mihi
466 1706 548 1768 quae
577 1688 609 1748 et
632 1685 742 1767 qualia
765 1683 831 1747 sint
854 1706 936 1767 quae
960 1685 993 1749 in
1017 1684 1131 1748 eodem
1155 1685 1213 1748 illo

64 1791 225 1875 principio
249 1790 430 1856 Trinummi
461 1796 551 1855 extra
580 1791 678 1855 arsim
708 1790 816 1873 posita
846 1790 920 1853 sint.
965 1789 1111 1855 Primum
1146 1813 1214 1855 mo-

65 1898 237 1981 nosyllaba
260 1897 360 1961 habes
390 1898 440 1961 vel
470 1897 605 1961 elisione
635 1896 863 1979 monosyllaba
890 1897 990 1980 facta,
1012 1897 1213 1981 leviorisque

66 2005 222 2069 momenti
251 2004 427 2087 bisyllaba:
461 2002 651 2086 particulas,
684 2003 891 2086 pronomina,
923 2003 992 2067 sine
1025 2004 1141 2088 quibus
1174 2026 1214 2068 ne

65 2113 136 2177 fieri
165 2112 295 2196 quidem
323 2113 494 2177 enuntiata
522 2114 672 2196 possunt:
700 2111 880 2175 breviculas
908 2112 1077 2176 nominum
1102 2111 1213 2175 verbo-

56 2242 200 2303 rumque
227 2219 350 2284 formas
378 2219 460 2284 nihil
488 2219 677 2304 insignioris
706 2218 863 2300 notioniS,
896 2218 1014 2282 nedum
1043 2218 1141 2282 ullius
1173 2218 1214 2281 ad

66 2326 260 2390 sententiam
284 2326 436 2409 ponderis
465 2327 636 2409 quicquam
668 2324 868 2389 habentium.
915 2324 1028 2389 Velut:
1056 2325 1216 2406 Sequere

63 2431 122 2496 licie
138 2453 190 2496 me
207 2438 305 2515 pacta
324 2438 364 2496 at
383 2433 497 2496 manas
517 2433 664 2514 faapare's
684 2436 777 2495 tuam.
812 2431 937 2512 Sequa,
957 2433 1020 2495 sed
1038 2432 1130 2512 fircera
1148 2433 1216 2512 fo're

64 2559 165 2619 quem
189 2540 289 2604 dicam
310 2541 419 2603 neseio.
464 2539 592 2622 Adest,
620 2540 658 2603 e'a
680 2540 752 2603 ittae
776 2539 829 2618 [cf.
848 2561 879 2621 p.
898 2539 977 2617 455]
1002 2545 1091 2602 secat
1119 2541 1214 2604 aedes,

10 2686 12 2690 »
64 2644 225 2711 Dedu‘eam
243 2648 272 2711 st
289 2647 431 2727 quidem
446 2646 586 2727 operata.
600 2696 623 2709 ..
643 2645 726 2709 Hae
743 2666 836 2725 prece
854 2645 932 2709 ddic't
950 2646 1041 2722 intro,
1059 2647 1162 2709 dicam
1182 2648 1215 2709 si

5 2833 11 2844 .
64 2756 206 2818 animam
233 2755 405 2819 admittitis.
457 2753 603 2818 Primam
630 2752 721 2817 mitt
748 2752 971 2818 Plautus...
1002 2753 1090 2816 Tam
1117 2754 1214 2817 arem

65 2861 157 2924 milri
183 2881 309 2926 esse...
337 2861 407 2925 Sed
432 2862 469 2924 etr
491 2861 580 2941 qaid
605 2859 743 2923 trec...
771 2859 908 2940 Accipite
935 2864 967 2923 et
993 2860 1063 2923 dete
1084 2864 1215 2926 aaer'aas

65 2970 154 3033 caris
185 2970 267 3032 dam
299 2968 448 3055 eloquor„
473 2968 653 3046 Quoniam
683 2958 716 3031 ἔτ’
746 2967 809 3047 qui
839 2986 891 3029 me
922 2966 1095 3033 aleret..'.
1118 2967 1215 3032 Dedi

59 3077 93 3153 eli
115 3096 228 3139 meam
247 3081 390 3158 pactam,
412 3078 535 3156 qudeim
561 3096 635 3139 ano
657 3079 786 3138 aetatem
813 3075 921 3154 erepat.
967 3073 1039 3138 Sed
1059 3075 1100 3138 de
1121 3074 1213 3156 drya-

65 3186 165 3245 mento
192 3202 235 3245 ae
261 3184 514 3263 exspectetis...
539 3182 632 3245 Senes
658 3182 721 3262 qai
747 3179 815 3243 tae
837 3182 971 3261 uenient,
996 3183 1009 3242 ί
1030 3202 1104 3244 rem
1126 3182 1214 3246 uobis

64 3289 209 3370 dperieat.
254 3289 347 3352 Meae
368 3311 424 3353 aes
445 3289 500 3353 lro'e
523 3294 611 3371 repat
640 3288 681 3352 Vt
703 3289 792 3352 liceat
808 3289 964 3369 possidete
986 3287 1080 3352 harre
1102 3309 1213 3353 nemea
1229 3314 1318 3354 ccurv

63 3395 215 3474 scitatum.
263 3394 350 3460 Satis
379 3401 428 3462 est
456 3397 691 3481 exemplorum,
719 3397 753 3459 in
781 3395 898 3479 quibus
927 3400 1062 3460 accentu
1085 3400 1118 3460 et
1140 3418 1213 3461 con-

64 3502 244 3566 iunctiones
269 3507 380 3567 carent
401 3503 586 3588 formaeque
614 3502 771 3567 relativae
797 3503 1061 3586 coagmentandis
1085 3507 1213 3567 tantum

66 3610 242 3674 enuntiatis
265 3609 489 3694 inservientes,
512 3615 545 3674 et
567 3610 649 3675 tales
673 3610 822 3673 notiones
847 3610 962 3692 quibus
983 3631 1024 3673 ne
1043 3632 1124 3694 opus
1144 3611 1212 3693 qui·

65 3714 137 3778 dem
168 3719 218 3779 est
249 3716 289 3779 ad
320 3717 500 3780 sententiae
532 3739 692 3780 summam
723 3716 977 3800 percipiendam,
1008 3717 1064 3780 sed
1092 3716 1213 3781 autad

66 3822 136 3884 eius
157 3823 268 3905 paullo
292 3824 525 3887 accuratiorem
549 3823 768 3888 definitionem
791 3827 848 3888 aut
866 3823 906 3886 ad
925 3823 1066 3908 aliquem
1084 3828 1214 3887 tantum
1289 3864 1316 3896 ,-

66 3930 188 3994 cultum
207 3933 422 4014 ornatumque
442 3930 687 4014 cogitationum.
719 3929 805 3995 Nam
824 3931 972 4014 intellegi
992 3931 1122 4014 quidem
1140 3953 1213 4013 pro·

65 4036 150 4102 fecto
180 4037 279 4100 etiam
306 4035 386 4100 haec
414 4042 601 4121 potuerant:
630 4037 759 4118 Sequere
786 4038 843 4101 tue
866 4043 964 4120 pacta
992 4039 1061 4102 sine
1090 4058 1150 4116 rae,
1177 4058 1214 4100 ea

64 4144 139 4207 illae
170 4146 257 4208 aedes
280 4145 350 4209 sinc
373 4149 458 4228 sant,
485 4146 513 4207 si
540 4165 665 4226 operam
692 4147 766 4208 dare
783 4146 968 4226 prorratitr's
992 4146 1060 4208 sine
1083 4145 1213 4225 quedem

66 4255 132 4314 tum
155 4252 252 4315 illaec
269 4272 330 4316 esse
349 4252 417 4315 sine
436 4251 523 4334 milei,
546 4254 661 4316 dedici
676 4257 806 4333 pactam
823 4253 945 4332 quicum
964 4255 1093 4316 aetertem
1111 4252 1215 4333 eaipot
1294 4269 1296 4273 ’

66 4356 135 4421 sine
154 4378 253 4421 meam
273 4361 305 4420 et
328 4379 402 4435 arra,
424 4378 508 4422 senes
530 4360 585 4438 qui
606 4360 730 4422 rreateat
752 4359 821 4422 sine
843 4357 910 4437 tae,
934 4360 946 4421 i
967 4359 1054 4423 reobis
1077 4359 1215 4440 aperient

66 4463 136 4526 sine
163 4485 245 4527 rem:
275 4463 353 4525 item
381 4485 463 4527 arare
489 4464 544 4527 lace
571 4470 659 4546 repat
682 4465 749 4528 sine
772 4486 840 4541 aaa,
868 4468 901 4528 et
924 4466 1081 4546 possidere
1103 4485 1214 4528 nomen

944 4571 999 4622 31*
