2910 5010
438 317 671 366 Lauulnrscnu
695 317 886 367 eumenum.

180 459 286 525 Parva
309 460 387 525 licet
410 461 477 526 sint
500 461 573 545 ista,
596 465 706 526 tamen
731 461 894 527 laudanda
916 461 1081 526 uoluntas:

252 567 364 633 Placat
387 571 421 632 et
444 590 575 634 aversos
598 569 709 636 hostis
731 590 834 654 parva
856 568 951 635 Deos.

649 964 677 1027 2.

135 1101 445 1186 Epithalamium
475 1106 512 1168 in
540 1104 745 1169 Albertum
773 1104 905 1170 ducem
934 1102 1126 1169 Saronico
1154 1106 1193 1166 et

304 1227 521 1293 Victoriam
546 1229 777 1294 Britanniae
800 1226 1023 1313 reginam.*)

500 1405 531 1471 Q.
551 1405 581 1462 B.
600 1405 630 1461 F.
649 1406 679 1464 F.
699 1404 729 1460 F.
749 1405 782 1471 Q.
801 1403 829 1459 S.

134 1547 223 1632 Ergo
247 1548 402 1632 virgineis
425 1551 562 1633 sceptris
585 1571 699 1634 parere
723 1549 872 1614 iuberent

156 1654 158 1657 ’
201 1654 277 1720 Divi
301 1654 483 1721 Senonibus
507 1655 637 1720 condita
660 1676 761 1741 regna
782 1655 885 1720 viris?

134 1762 261 1827 Maesta
284 1761 516 1827 Britannorum
540 1784 619 1849 gens
643 1763 817 1827 miraretur
840 1761 950 1827 Elisae

200 1869 429 1956 Magnanimae
452 1871 563 1954 privos
586 1874 662 1954 post
685 1870 748 1934 tris
771 1869 878 1934 saecla
900 1869 1015 1933 toros?
1136 1922 1145 1935 ,

136 1974 338 2060 Aemulaque
362 1976 451 2040 illius
474 1976 559 2059 vinci
581 1976 695 2061 regina
717 1979 855 2061 negaret

200 2082 254 2148 Sic
277 2104 404 2169 quoque
427 2082 578 2148 victricis·
593 2104 712 2147 nomen
735 2087 768 2148 et
791 2103 887 2147 omen
909 2081 1056 2147 habens?

135 2189 260 2275 Nempe
283 2189 492 2273 pharetratae
516 2189 627 2254 stabat
650 2189 697 2254 sic
721 2193 830 2254 mente
853 2189 1003 2255 voluntas

201 2295 335 2380 Dianae,
357 2296 462 2381 glacie
486 2295 537 2360 cui
560 2295 630 2361 fera
653 2296 752 2362 corda
774 2298 893 2382 rigent.

135 2401 197 2466 Est
221 2401 354 2486 aliquid,
377 2401 460 2467 solio
484 2402 524 2466 de
546 2424 612 2468 uno
637 2402 801 2488 geminare
825 2401 1021 2488 triumphos!

202 2508 282 2574 Tale
306 2508 403 2573 decus
426 2509 525 2574 castis
550 2509 726 2575 inseruisse
749 2511 871 2577 choris!

136 2613 257 2680 Verum
280 2615 462 2699 Dictynnae
484 2619 552 2680 tam
577 2616 656 2681 diris
679 2617 805 2683 invidet
827 2618 915 2683 ausis

200 2720 276 2787 Non
300 2743 454 2806 umquam
477 2723 563 2788 victo
586 2724 719 2789 numine
742 2724 828 2788 freta
851 2724 920 2807 des,

134 2827 302 2913 Multaque
326 2829 493 2895 flammato
517 2827 692 2914 Cythereia
715 2829 810 2896 corde
833 2830 993 2913 volutans,

200 2935 284 3017 Quid
303 2936 384 3001 orale
405 2957 496 3022 saca,
518 2937 636 3022 inquit,
658 2937 735 3020 qaid
755 2957 823 3002 asca
845 2957 941 3020 repaa
958 2936 1064 3019 petis?

134 3043 246 3107 Naana
267 3043 353 3128 satis,
375 3045 474 3110 socias
497 3045 553 3110 tta
576 3049 627 3123 tot,
651 3044 796 3124 latonia
818 3043 970 3127 nymphas

200 3149 347 3215 Mascula
369 3151 491 3217 devotm
511 3172 660 3235 spcmcre,
682 3172 783 3230 saeua
805 3151 903 3234 iupa?

135 3256 218 3338 Quid
238 3260 325 3340 cuph
347 3261 479 3324 achram
501 3260 645 3326 araas
668 3261 791 3344 inopere
812 3258 962 3324 amaras?

200 3362 314 3430 Debita
336 3355 412 3447 qaia
433 3367 546 3431 uictrice
563 3367 708 3450 praemia
729 3366 835 3447 forma
855 3366 962 3448 serat?

133 3469 241 3537 Iratac
262 3493 340 3555 qaae
361 3474 404 3538 sit
431 3473 555 3539 Venena
577 3474 724 3558 modicia,
746 3479 902 3540 camena.

46 3561 50 3567 ⁸
199 3578 297 3644 Ocius
321 3580 408 3645 aerio
433 3580 563 3646 devolat
585 3581 642 3646 illa
664 3580 764 3665 Noto,

134 3682 258 3770 Perque
282 3709 355 3752 oras
378 3687 548 3753 hominum
571 3686 795 3772 Germanaque
818 3710 897 3753 rura
918 3691 1068 3772 vagatur:

200 3791 294 3858 Vnde
317 3793 377 3858 tibi
400 3815 522 3880 regum,
545 3797 633 3860 terra
656 3793 825 3878 Britanna,
848 3814 949 3880 seges.

199 4075 224 4145 *)
243 4074 364 4145 [Prodiit
381 4075 494 4132 Bonuae
516 4094 553 4132 m.
571 4075 723 4132 Februario
742 4076 809 4132 anni
826 4090 1041 4135 cIoroooomx
1059 4077 1099 4133 sic
1117 4076 1234 4149 inscrip-

86 4166 161 4220 tum:
189 4163 319 4220 ‘Alberto
339 4165 344 4235 Ι
364 4165 540 4220 serenissimo
564 4165 628 4221 duci
651 4165 791 4222 Saxoniae
811 4171 815 4236 Ι
837 4184 886 4222 suo
909 4183 999 4236 nuper
1020 4165 1076 4222 civi
1102 4167 1232 4223 illustris·

86 4254 159 4310 aimo
184 4254 190 4324 1
214 4255 375 4324 nuptiarum
396 4257 400 4323 Ι
421 4272 484 4309 cum
505 4257 510 4323 Ι
529 4254 657 4311 Victoria
677 4259 681 4324 Ι
702 4255 903 4326 augustissima
925 4255 1087 4311 Britanniae
1109 4257 1230 4328 regina!

85 4344 227 4399 factarum
245 4360 344 4398 caussa
364 4347 369 4412 Ι
389 4343 416 4399 S.
435 4344 465 4398 P.
484 4344 517 4401 D.
535 4348 539 4416 Ι
560 4361 593 4400 ex
612 4344 700 4400 animi
719 4345 860 4400 sententia
877 4346 1086 4416 gratulabunda
1102 4348 1106 4415 Ι
1122 4342 1233 4401 littera-

86 4450 149 4488 rum
169 4432 337 4488 universitas
353 4435 358 4501 Ι
374 4432 526 4489 Fridericia
543 4432 697 4490 Guilelmia
714 4433 870 4489 Rhenana’
906 4435 935 4492 O.
955 4435 1013 4506 W.]
