2910 5010
345 328 640 376 oauruunrronan
665 329 738 375 uno
762 316 967 377 duramnus.
1165 310 1229 373 705

87 492 148 556 que
181 471 238 555 sit,
269 470 468 555 praefamur,
499 476 570 537 tum
599 471 726 536 eosdem
757 471 858 535 animi
889 493 1002 536 sensus
1030 471 1086 555 qui
1117 474 1228 535 nostro

86 579 218 643 nomine
246 598 354 641 coram
382 581 558 662 testentur,
590 578 716 663 legatos
745 577 945 643 academicos
975 576 1016 641 ad
1045 576 1112 641 Vos
1141 576 1229 641 misi-

86 707 159 749 mus
182 684 207 749 l.
231 682 268 748 G.
291 683 326 748 L.
350 684 452 767 ipsius
480 683 700 748 universitatis
724 682 863 748 Vestrae
893 683 972 749 olim
996 684 1174 766 alumnum,
1198 686 1231 747 et

87 791 113 856 l.
136 790 172 856 B.
196 790 251 873 H„
273 791 366 856 illum
389 791 610 874 historiarum,
633 790 720 855 hunc
743 790 929 875 theologiae
952 791 1131 856 catholicae
1154 790 1232 855 Pro·

87 899 243 963 sessorem
265 897 299 962 P.
316 897 367 963 0.:
391 898 545 982 aquibus
565 898 625 963 hae
641 897 744 962 Vobis
764 899 893 963 litterae
912 920 985 962 cum
1004 897 1232 963 observantiae

87 1007 316 1072 testificatione
345 1010 383 1070 ut
412 1006 600 1071 confidimus
628 1006 859 1071 facundissima
888 1006 1070 1070 reddentur.
1116 1005 1231 1069 Valete

87 1114 246 1198 nobisque
269 1113 385 1178 favete.

176 1237 296 1301 Datum
320 1237 453 1301 Bonnae
477 1235 524 1300 Vl
547 1236 623 1301 ldus
648 1235 805 1301 Octobres
829 1258 857 1300 a.
880 1252 1054 1301 nncccnx.

555 1489 768 1497 —.-————-

649 1684 678 1746 8.

90 1841 324 1908 Weihetafel
345 1865 416 1908 von
435 1842 500 1906 der
514 1841 1037 1928 Philologenrersammlung
1053 1843 1093 1907 in
1109 1841 1234 1908 Gotha

253 1950 339 2015 1840
362 1946 561 2014 Gottfried
584 1947 779 2013 Hermann
803 1949 1073 2034 tiberreicht.*)

180 2108 216 2185 Q.
230 2109 267 2175 B.
281 2107 316 2174 F.
331 2107 364 2173 F.
380 2107 416 2184 Q.
431 2106 461 2173 S.
476 2107 485 2192 ll
499 2107 579 2174 Viro
602 2109 780 2175 immortali
792 2106 802 2195 ll
816 2107 999 2175 Godofredo
1023 2087 1211 2175 Hermanno
1224 2108 1234 2195 ll

92 2218 277 2282 criticorum
306 2216 469 2281 communi
497 2219 530 2279 et
557 2215 763 2299 popularium
787 2219 820 2279 et
843 2218 1027 2280 exterorum
1045 2215 1056 2299 ΙΙ
1074 2217 1235 2281 sententia

93 2324 232 2408 principi
249 2323 260 2407 ΙΙ
277 2322 364 2407 quod
387 2322 569 2387 litterarum
594 2322 800 2406 antiquarum
820 2323 905 2387 inter
924 2321 1103 2388 Germanos
1127 2323 1235 2387 studia

93 2453 111 2493 e
126 2430 281 2515 languore
295 2429 489 2493 resuscitata
504 2428 673 2493 severioris
689 2429 769 2492 artis
784 2428 919 2493 vinculis
939 2430 1092 2494 astrinxit
1110 2433 1235 2513 erepto

94 2559 155 2621 que
179 2536 253 2600 aliis
277 2535 430 2621 gentibus
449 2534 649 2619 philologiae
668 2535 854 2618 principatu
874 2535 907 2599 in
927 2536 1251 2620 supremum‘digni··

92 2644 171 2708 tatis
195 2643 301 2708 locum
326 2643 444 2707 evexit:
518 2641 604 2726 quod
636 2641 841 2726 antiquitatis
873 2648 1085 2708 monumenta
1117 2642 1236 2707 litteris

94 2750 294 2834 consignata,
317 2770 380 2833 qua
402 2748 529 2814 ratione
549 2771 623 2813 curn
642 2749 682 2812 ad
701 2748 875 2831 pristinum
894 2749 1036 2814 nitorem
1054 2748 1236 2814 revocanda

93 2862 164 2921 turn
191 2857 276 2922 iacto
304 2857 490 2922 firmissimo
520 2857 649 2921 criticae
678 2857 758 2920 artis
786 2855 998 2922 fundamento
1027 2861 1113 2922 recte
1138 2858 1235 2922 inter-

93 2963 253 3047 pretanda
276 2968 393 3047 essent,
415 2968 449 3028 et
471 2962 636 3046 praeclare
660 2963 770 3028 docuit
793 2966 825 3026 et
844 2963 1111 3029 luculentissimis
1131 2987 1235 3029 exem·

93 3071 158 3155 plis
182 3070 463 3136 commonstravit:
541 3069 626 3154 quod
650 3069 896 3153 grammaticam
925 3074 1029 3135 artem
1058 3072 1099 3135 ab
1128 3093 1236 3136 rerum

95 3178 283 3263 cognitione
312 3176 352 3242 ad
381 3198 568 3241 caussarum
596 3176 837 3261 indagationem
860 3175 1044 3242 traductam
1067 3178 1237 3243 incredibi-

96 3285 173 3349 liter
196 3284 294 3367 auxit,
317 3281 460 3348 Graecae
485 3287 594 3348 autem
616 3284 761 3369 linguae,
786 3305 883 3368 quam
902 3283 992 3348 'haud
1015 3284 1178 3350 immerito
1202 3286 1236 3350 in

97 3390 155 3457 illo
189 3391 343 3455 revixisse
377 3390 479 3474 dicas,
516 3394 708 3474 praeceptor
741 3391 842 3455 totius
875 3387 1067 3457 Germaniae
1104 3393 1238 3477 exstitit,

95 3520 197 3582 eoque
228 3497 384 3562 beneficio
410 3496 455 3561 ¹de
485 3493 762 3583 promovenda**)
795 3519 830 3561 re
863 3496 1059 3562 scholastica
1086 3498 1237 3563 universa

47 3606 52 3620 '
97 3604 272 3689 insigniter
294 3605 429 3669 meritus
453 3607 515 3669 est:
574 3603 658 3688 quod
683 3626 757 3668 rara
785 3604 850 3669 oris
878 3602 1030 3668 facundia
1058 3605 1237 3690 elegantiae

96 3711 216 3776 latinae
240 3715 273 3775 et
295 3712 447 3796 antiquae
476 3711 698 3796 simplicitatis
722 3715 755 3775 et
778 3733 906 3776 sensum
930 3716 963 3776 et
986 3710 1127 3776 studium
1152 3713 1238 3777 miri-

186 3976 211 4045 *)
230 3975 424 4048 [Abgedmckt
440 3974 470 4031 in
489 3974 543 4030 den
556 3974 793 4045 Verhaudlungen
811 3974 861 4029 der
878 3973 983 4029 dritten
1003 3973 1155 4032 deutschen
1174 3976 1238 4032 Phi-

95 4065 418 4137 lologenversammlung
446 4065 485 4137 (in
509 4064 601 4120 Gotha
626 4069 705 4133 1840)
732 4083 760 4134 p.
780 4071 825 4132 423
859 4063 908 4119 der
931 4081 986 4118 von
1005 4063 1116 4119 Ritschl
1140 4083 1238 4137 vorge·

96 4153 173 4224 legte
192 4154 320 4210 Entwnrf
336 4173 369 4209 zu
388 4153 480 4209 dieser
498 4153 652 4208 Votivtalel
672 4170 730 4208 war
747 4152 920 4222 einstimmig
938 4169 993 4206 von
1012 4152 1062 4206 der
1079 4153 1238 4210 Versamm-

96 4243 166 4314 lang
184 4244 331 4314 approbirt
348 4242 469 4312 worden,
488 4261 509 4299 s.
529 4259 554 4298 a.
573 4258 597 4297 a.
618 4241 649 4296 0.
668 4259 695 4311 p.
715 4249 740 4298 6.
777 4241 806 4297 C.
825 4241 883 4311 W.]

111 4372 113 4375 ·
169 4348 210 4420 **)
230 4350 309 4422 [Dies
327 4351 411 4405 Wort
427 4350 500 4406 fehlt
516 4349 546 4405 in
565 4350 629 4405 dem
647 4349 780 4405 Abdruck
799 4366 823 4406 a.
834 4366 859 4404 a.
871 4349 911 4417 0.,
930 4348 1018 4403 findet
1035 4347 1096 4403 sich
1114 4348 1181 4403 aber
1198 4349 1237 4403 im

97 4439 280 4510 Mmusenpt.
317 4438 347 4496 o.
365 4439 423 4510 w.]

151 4548 357 4585 ra.n1rscnrr.rr
377 4546 514 4584 cesseras
532 4546 557 4582 v.
992 4532 1026 4580 lo
