2994 5018
322 371 395 418 uuo
420 371 479 418 ore
502 369 689 418 carrucae
712 368 1030 419 runurussrunrau.
1209 355 1253 419 85

101 514 139 564 19.
167 508 371 580 Epigramm
399 511 458 566 aui
480 510 540 567 das
566 509 748 566 heroischo
775 510 921 567 Gedioht
945 510 1003 566 des
1029 510 1252 582 Tranquillus

393 599 603 656 Parthenius
624 601 761 657 ‘contra
779 600 955 656 Thurcas)

97 725 163 789 (dus
177 723 246 779 dem
261 724 357 780 Druck
374 724 444 780 ‘Hec
459 723 639 780 continentur
656 725 686 780 in
699 725 753 780 hoc
768 725 909 796 opusculo.
934 723 1092 793 Tranquilli
1107 724 1251 780 Parthenii

96 814 229 868 Dalmate
249 813 288 868 ad
307 813 397 870 Deum
416 815 521 870 Contra
540 815 665 870 Thurcas
685 814 782 870 Oratio
801 813 924 869 carmine
948 812 1076 869 Heroico.
1118 810 1250 868 Eiusdem
1327 878 1330 884 Ι

97 900 230 971 Epistola
253 901 292 956 ad
316 901 507 958 Clarissimum
531 919 564 958 ao
587 902 719 958 Nobilem
743 902 832 956 virum
855 902 1055 972 Hieronymum
1078 900 1113 957 de
1137 900 1251 956 Croaria

94 992 122 1045 in
140 989 299 1060 Tapphain
317 991 461 1060 utriusque
481 990 551 1045 Iuris
566 990 719 1046 doctorem.
752 990 822 1045 ltem
844 988 1027 1060 Epigramma
1044 990 1104 1044 Viti
1127 988 1250 1044 Verleri:

93 1080 185 1136 David
204 1078 354 1136 Rotmund
377 1077 589 1137 buchomeusis:
614 1080 644 1134 et
662 1077 829 1134 Theoderici
853 1078 934 1149 Spelt
955 1076 1096 1150 Prcpositi
1119 1077 1249 1133 Stuchar·

308 1167 425 1225 diensi?
447 1169 570 1240 [1518?]‚
589 1175 614 1223 4.
633 1166 784 1223 Riickseite
803 1168 852 1224 des
871 1167 1047 1236 Titelblatts)

544 1311 641 1367 'Vitas
659 1310 791 1367 Verlerus

258 1437 333 1493 Sunt
350 1436 452 1507 quibus
470 1438 530 1493 alta
547 1437 644 1507 placet
660 1436 817 1506 turritaque
835 1437 912 1491 tecta
930 1436 1077 1492 domorum

313 1526 429 1597 Erigere
448 1528 478 1581 et
495 1524 609 1581 Triviae
627 1541 768 1581 marmora
786 1525 862 1580 celae
880 1524 962 1594 deae;

255 1613 438 1685 Pyramidum
458 1615 555 1683 moles,
574 1614 648 1670 vasti
666 1614 781 1670 Rhodos
800 1629 886 1668 aurea
903 1613 1020 1682 Phoebi,

311 1704 474 1758 Laudentur
492 1704 597 1774 Solymi
616 1703 779 1774 templaque
798 1718 877 1756 sacra
894 1702 962 1772 iugi,

256 1794 319 1849 Nec
337 1810 394 1848 uon
411 1792 554 1864 belligeris
573 1793 698 1863 Babylon
716 1791 830 1862 pulsata
848 1789 992 1861 quadrigis

311 1882 349 1936 Et
367 1881 504 1937 Mausolei
522 1898 590 1936 saxa
608 1880 729 1951 superba
746 1878 820 1950 rogi,

255 1971 295 2025 Et
314 1968 533 2026 Nasamoniacaa
551 1970 600 2039 qui
618 1969 706 2025 iactet
724 1967 854 2024 cornibus
873 1983 944 2035 aras,

310 2058 443 2115 Praescia
461 2076 529 2128 quas
547 2057 634 2114 fontis
653 2056 765 2128 saepius
783 2056 859 2111 unda
877 2054 960 2127 rigat.

256 2148 338 2204 Haec
356 2165 525 2219 quamquam
542 2147 627 2203 nimis
646 2149 690 2202 est
706 2145 853 2202 homiuum
871 2146 973 2201 mirata
992 2148 1125 2215 vetustus,

312 2238 389 2304 Quae
407 2237 462 2294 uisi
480 2240 605 2293 terrenas
624 2235 841 2291 concelebrabat
859 2252 936 2306 opes,
994 2229 1002 2243 '

252 2328 292 2383 Et
311 2328 419 2397 septem
438 2326 511 2381 dixit
527 2326 639 2397 pulchri
656 2325 818 2397 spectacula
835 2324 932 2380 mundi

307 2400 420 2472 Eximio
437 2415 466 2471 iu
485 2415 573 2472 variis
592 2416 653 2471 arte
671 2416 785 2485 reposta
803 2413 880 2470 locis.

253 2505 329 2560 Sunt
346 2508 443 2561 tamen
461 2507 510 2559 aut
528 2504 622 2560 valido
639 2503 765 2575 Neptuni
784 2519 863 2558 versu
880 2503 1012 2572 tridente,

310 2595 420 2664 Inclyta
437 2596 482 2650 vel
501 2594 607 2665 carpsit
624 2593 737 2648 nomina
755 2594 868 2662 tempus
887 2591 972 2662 edax,

250 2685 312 2738 Aut
330 2683 459 2753 quatiens
478 2683 600 2739 tremulo
618 2684 707 2738 terras
727 2682 768 2737 vis
787 2680 885 2736 abdita
902 2683 982 2736 motu

309 2772 429 2828 Bellicus
448 2774 498 2826 aut
515 2772 584 2828 duro
602 2771 722 2834 destruit
740 2786 804 2825 aere
822 2769 908 2837 iuror,

250 2862 380 2918 Horriier
398 2863 448 2916 aut
465 2860 568 2916 Boreas
586 2860 669 2915 simul
688 2861 717 2915 et
735 2860 873 2914 Vulcania
890 2860 978 2929 pestis

307 2951 449 3006 Paulatim
467 2951 536 3007 fines
554 2950 638 3005 iussit
655 2949 758 3005 habere
776 2965 849 3004 suos.

251 3040 386 3095 Carmina
402 3042 468 3095 sunt
485 3040 544 3095 ullo
563 3055 705 3108 nunquam
724 3038 860 3094 moritura
878 3039 930 3095 suh
948 3055 1028 3110 aevo,

307 3130 372 3186 Non
390 3146 424 3185 ea
442 3128 593 3199 posteritas
611 3126 728 3197 perdere
746 3143 808 3183 sera
826 3129 935 3198 potest3

251 3219 386 3275 Carmina
403 3220 462 3273 tam
481 3218 537 3274 late
555 3217 660 3273 samam
679 3232 805 3286 sparsere
823 3232 874 3286 per
892 3217 996 3288 orbem,

307 3308 346 3362 Vt
363 3306 410 3364 vix
428 3307 484 3363 siut
500 3307 568 3378 ipsis
587 3306 763 3362 obliteranda
779 3305 854 3374 deisq

250 3396 383 3452 Carmina
401 3396 548 3468 longeram
565 3395 680 3466 pariunt
697 3411 748 3466 per
766 3396 895 3465 tempore
911 3396 1008 3466 vitrum,

307 3486 393 3542 Vates
411 3486 498 3542 aetati
517 3485 694 3551 succubuisse
713 3485 824 3540 vetant:

253 3575 408 3647 Praecipue
426 3576 451 3630 si
469 3576 525 3630 sint
543 3580 598 3646 (res
617 3577 660 3630 est
678 3576 749 3630 haec
767 3591 870 3646 magna
887 3575 1024 3645 prolecto)

308 3664 437 3721 Carmina
456 3664 546 3720 Pierio
564 3665 649 3734 plena
666 3664 773 3733 liquore
791 3663 858 3731 favi,

254 3753 343 3820 Quale
361 3750 440 3809 meus
458 3770 547 3825 nuper
566 3754 668 3809 cecinit
685 3770 742 3809 nou
760 3769 882 3824 paupere
901 3770 973 3809 vena

307 3843 496 3914 Tranquillus,
514 3843 641 3914 stupidos
659 3843 708 3913 qui
726 3843 797 3898 iacit
814 3859 862 3898 ore
880 3842 963 3899 viros.

254 3933 334 3999 Quod
352 3931 375 3986 si
393 3933 466 3988 forte
484 3949 570 4003 negas
589 3931 660 3988 odiis
680 3932 818 3987 commoto
835 3931 988 4003 protervis,

307 4021 403 4077 birido
422 4020 468 4077 rel
486 4022 578 4092 stygio
597 4022 713 4092 pectora
730 4021 796 4076 selle
814 4020 938 4091 madeus,

254 4111 335 4165 Nunc
353 4127 404 4181 age
423 4108 556 4181 pervigili
575 4110 658 4166 modo
676 4110 773 4165 volsas
790 4111 885 4165 mente
903 4109 1040 4180 libellum,

307 4201 393 4267 Quem
411 4201 488 4257 levat
504 4200 590 4255 heroo
609 4198 685 4254 fama
702 4198 754 4254 sub
772 4200 850 4254 aetra
867 4216 943 4254 sono.

252 4289 318 4345 lior
336 4289 422 4346 dices:
441 4289 540 4360 genius
559 4286 638 4344 dabit
656 4287 713 4343 illis
732 4288 845 4343 caecula
862 4288 968 4344 chartis

307 4379 396 4451 Atque
414 4380 458 4437 est
475 4376 606 4452 apposito
624 4377 729 4449 pagina
746 4377 833 4449 digua
851 4376 950 4436 Codro.
