2986 5010
260 329 327 396 436
549 344 811 396 eaoneoouauu
836 347 882 396 ne
906 348 1115 396 aurrourevs

261 495 351 556 ratus
379 497 474 556 esset.
521 492 629 577 Atque
656 493 719 559 hoc
750 493 906 579 quidquid
934 497 984 558 est
1011 492 1116 557 laudis
1145 491 1209 557 sibi
1236 514 1301 557 non
1331 496 1410 557 sunt

261 598 341 682 eripi
361 600 448 683 passi
464 599 704 666 Lindemannus
719 621 793 665 oum
807 599 874 665 suis
889 600 1156 686 congerronibus:
1176 620 1258 683 quos
1276 603 1406 683 postea·

259 727 357 789 quam
385 706 502 773 leniter
529 707 703 792 perstrinxi
726 705 830 772 Musei
853 706 967 791 philol.
990 705 1057 771 tV
1081 729 1101 771 a
1123 729 1154 790 p.
1181 706 1243 771 136
1275 706 1316 771 ad
1343 707 1408 772 142

261 809 318 898 (=
329 811 444 897 Opusc.
468 814 547 898 phil.
570 814 602 879 II
625 815 868 898 p.211-217],
891 838 976 880 nune
999 815 1117 879 iterum
1141 813 1295 878 defricare
1321 813 1410 878 nolo.

258 918 296 984 In
316 943 398 1005 quos
417 921 563 1005 apprime
587 922 783 986 conveniunt
806 942 888 1006 quae
907 926 982 986 ante
1001 921 1062 986 hos
1082 937 1177 984 cxxn
1197 942 1301 986 annos
1319 920 1412 985 iusta

259 1027 495 1113 indignatione,
528 1032 561 1092 et
589 1033 699 1093 tamen
727 1027 850 1093 frustra
877 1033 915 1092 ut
942 1052 1028 1094 nunc
1055 1032 1205 1113 apparet,
1237 1027 1410 1092 Bentleius

234 1121 497 1218 pronuntiavit:
536 1131 717 1198 ‘Nimirum
740 1134 774 1199 hi
798 1157 863 1200 non
892 1136 978 1220 ipsos
1001 1139 1130 1221 poetas,
1157 1155 1223 1198 non
1246 1138 1352 1198 artem
1377 1140 1411 1199 et

258 1241 403 1325 rhythmi
427 1243 569 1327 genium,
593 1242 649 1306 sed
672 1241 824 1308 librarios
848 1243 912 1307 sibi
935 1243 1031 1308 duces
1051 1246 1196 1307 sumunt:
1220 1244 1252 1305 et
1269 1245 1322 1306 tot
1338 1240 1409 1306 fere

258 1348 460 1412 licentiarum
481 1348 604 1433 species
624 1348 686 1413 sibi
706 1349 842 1435 fingunt,
861 1356 940 1435 quot
958 1351 992 1414 in
1010 1355 1082 1415 toto
1101 1349 1218 1414 Plauto
1238 1347 1410 1412 Terentio-

258 1476 320 1539 que
344 1454 481 1520 vitiosae
504 1457 658 1520 lectiones
686 1479 773 1520 nuuc
800 1461 940 1539 restant,
964 1456 1082 1540 unique
1110 1457 1182 1523 loco
1210 1457 1266 1541 qui
1296 1477 1408 1520 emen·

259 1560 384 1625 dandus
404 1566 483 1645 erat,
506 1584 544 1625 ex
563 1562 665 1627 altero
689 1584 790 1647 aeque
814 1563 968 1629 mendoso
987 1563 1203 1647 patrocinium
1223 1561 1408 1648 quaerunt?

258 1667 319 1744 Qui
339 1668 467 1756 quidem
487 1669 637 1755 viderint,
656 1672 710 1756 qui
729 1693 764 1736 se
783 1671 906 1736 civibus
927 1670 994 1734 suis
1014 1670 1239 1736 commendare
1257 1671 1408 1754 potuisse

258 1798 331 1839 eum
357 1781 488 1859 poetam
514 1777 635 1862 dicant,
659 1780 751 1843 cuius
774 1801 827 1843 ars
851 1800 923 1842 cum
948 1781 1033 1842 vitae
1056 1799 1151 1841 usum
1175 1776 1407 1842 etfamiliaris

257 1884 416 1948 sermonis
440 1885 705 1951 consuetudinem
729 1890 996 1971 repraesentaret,
1019 1884 1138 1949 illudt
1124 1888 1233 1949 tamen
1252 1883 1408 1969 neglege

257 1994 308 2055 ret
326 1992 410 2075 quod
427 1989 539 2058 Cicero
554 1990 641 2058 Orat.
661 1996 680 2073 ξ
698 1994 760 2058 152
784 1993 863 2057 dicit
887 1990 985 2056 nobes
1002 2013 1040 2056 ne
1057 1993 1086 2056 ei
1103 1994 1264 2121 cupiamus
1281 1992 1407 2073 paidos

256 2097 425 2162 distrahere
446 2120 534 2163 uoces
555 2099 748 2164 receditur?

346 2203 407 2267 His
431 2210 539 2269 autern
563 2206 671 2270 verbis
695 2229 777 2291 quae
801 2207 972 2272 continuat
994 2206 1120 2271 Cicero:
1145 2204 1307 2270 iudicant
1333 2228 1408 2270 ora-

257 2309 362 2374 tiones
385 2310 470 2405 illae¹
484 2312 574 2396 ipsae
597 2313 783 2378 horridulae
807 2311 955 2397 Catonis,
983 2314 1128 2378 indicant
1152 2333 1262 2377 omnes
1286 2317 1408 2395 poetae

256 2419 476 2501 praetereas,
499 2418 555 2502 qui
577 2423 614 2483 ut
636 2441 765 2484 uersum
789 2419 932 2485 facerent
955 2442 1052 2504 saepe
1074 2421 1225 2484 hiabant:
1258 2424 1296 2482 ut
1319 2417 1409 2484 Nae·

124 2549 243 2589 cxovrn
257 2522 330 2586 uiue
361 2521 419 2586 Vos
440 2525 495 2605 qui
516 2525 651 2588 accolitis
673 2525 821 2590 Histrum
843 2527 979 2607 fluuium
1002 2533 1092 2609 atque
1114 2526 1259 2609 olprdorrr,
1283 2529 1318 2588 et
1342 2525 1406 2590 ibi·

180 2703 197 2731 *
257 2629 329 2693 dem
358 2630 459 2710 ριιαιιι
486 2652 657 2712 numquam
683 2632 770 2696 uobis
794 2632 888 2697 Graii
914 2638 1005 2714 alque
1032 2634 1165 2698 barbari.
1211 2635 1247 2697 at
1275 2629 1408 2695 Ennius

257 2738 356 2801 semel
380 2736 485 2819 Scipio
507 2739 629 2803 ἰἰιαίιέε.
675 2742 708 2802 et
734 2739 863 2823 quidem
886 2760 945 2803 nos
968 2739 1039 2804 Hoc
1061 2745 1145 2804 orote
1167 2738 1327 2803 redeuntis
1348 2743 1407 2802 etc·

254 2846 376 2909 siccin
398 2848 484 2910 audo
505 2847 605 2928 ponti.
651 2844 713 2910 hoc
741 2845 827 2909 idem
854 2847 958 2910 nostri
987 2846 1117 2930 saepius
1144 2866 1211 2910 non
1238 2843 1407 2928 tulissent,

255 2952 340 3035 quod
373 2950 488 3017 Graeci
522 2952 653 3016 laudare
687 2951 785 3016 etiam
818 2951 953 3016 solent’:
990 2952 1069 3016 haec
1103 2952 1204 3036 igitur
1235 2950 1406 3016 Ciceronis

254 3059 355 3123 verba
379 3078 455 3124 cave
485 3081 526 3122 ne
550 3059 638 3123 omni
662 3059 734 3142 lege
757 3058 873 3124 solutis
896 3059 1043 3122 versibus
1067 3056 1230 3122 Plautinis
1254 3062 1288 3122 et
1310 3058 1405 3123 hian-

255 3166 337 3229 tium
360 3166 521 3231 vocalium
546 3165 639 3230 multi
641 3164 752 3229 tudine
776 3164 975 3229 deformibus
999 3166 1068 3230 ullo
1087 3164 1183 3230 modo
1202 3165 1405 3249 patrocinari

255 3274 314 3354 put
315 3294 358 3334 es.
363 3268 396 3357 ²¹¹)
442 3271 488 3336 Et
510 3270 670 3336 Naevium
698 3273 828 3356 quidem
858 3272 967 3336 illos
960 3295 993 3336 ιιι
1021 3272 1157 3339 senariis
1185 3269 1337 3357 (tragicis
1366 3279 1405 3337 ut

254 3378 341 3442 videt
327 3378 400 3463 tur)
433 3402 547 3443 revera
579 3379 749 3443 admisisse
780 3379 852 3442 hiat
838 3383 890 3442 tus
924 3378 1116 3443 credendum
1148 3400 1218 3442 esse
1252 3376 1403 3444 Ciceroni

254 3485 392 3550 videtur:
423 3487 554 3550 tametsi
577 3485 672 3550 facile
695 3485 802 3550 fuerat
825 3485 928 3550 vitato
952 3485 1042 3549 hiatu
1066 3486 1206 3551 scribere
1230 3485 1326 3550 Graii
1348 3508 1402 3551 ao

253 3587 359 3677 his**)
383 3614 441 3657 nec
465 3592 653 3657 testimonia
676 3592 792 3657 desunt
815 3592 948 3678 quibus,
977 3615 1074 3677 quam
1099 3592 1259 3676 corruptis
1284 3591 1402 3657 codici·

253 3699 314 3762 bus
337 3698 403 3762 iam
428 3698 581 3764 Tulliana
605 3704 695 3763 aetas
718 3722 777 3764 usa
801 3699 854 3780 sit,
877 3697 1063 3763 doceamur:
1087 3703 1155 3763 tam
1180 3699 1266 3764 onim
1290 3700 1400 3765 insciti

251 3807 368 3888 poetae
398 3805 454 3870 ille
484 3806 691 3889 potissimum
722 3806 831 3870 hiatus
862 3809 912 3869 est
942 3805 996 3886 qui
1025 3806 1173 3884 accolitis,
1207 3811 1242 3870 ut
1272 3807 1328 3891 qui
1361 3806 1401 3871 de

252 3911 368 3977 mendo
392 3912 572 3997 scripturae
597 3913 791 3998 suspicetur,
814 3934 880 3978 non
904 3911 948 3976 sit
971 3934 1021 3975 me
1044 3913 1148 3977 iudice
1171 3913 1398 3978 inclementius

357 4105 383 4176 *)
403 4106 456 4178 [Cf.
477 4106 548 4161 Nor.
568 4123 628 4164 exc.
647 4105 739 4161 Plaut
758 4105 771 4159 1
789 4124 816 4176 p.
839 4112 950 4176 lltsq„
975 4105 1022 4160 ubi
1040 4107 1116 4175 quere
1134 4108 1163 4162 et
1182 4105 1293 4161 &airis
1312 4106 1400 4177 scrip-

252 4195 321 4251 sisse
339 4196 478 4251 Naevium
496 4194 629 4266 proponit
647 4195 839 4267 Ritschelius.]

340 4283 380 4353 ”)
399 4285 473 4339 Nam
492 4301 526 4339 ex
544 4301 587 4352 eo,
607 4285 682 4354 quod
701 4285 772 4340 talia
785 4287 818 4339 ut
831 4284 904 4340 Grai
917 4285 1112 4341 Lachmannue
1126 4301 1215 4354 nuper
1229 4282 1329 4339 docuit
1341 4302 1398 4340 non

251 4388 311 4427 esee
330 4372 415 4428 solita
433 4373 578 4429 elisionem
596 4375 666 4444 pati,
685 4374 801 4429 minime
816 4374 997 4445 consequitur
1010 4376 1043 4430 ut
1055 4373 1116 4446 pati
1131 4373 1241 4428 hiatum
1255 4374 1316 4430 eine
1331 4375 1400 4431 artie

251 4460 403 4518 offensione
422 4462 572 4535 potuerint.
