2986 5010
255 329 321 393 394
540 343 803 392 ssosacouaas
827 344 875 390 os
899 342 1110 390 usmomuvs

254 488 396 572 dubitat,
429 488 485 553 sed
512 510 552 553 ne
580 487 697 571 parilia
724 486 853 572 quidem
880 507 1007 551 canem
1036 487 1135 551 colos
1160 507 1267 550 amor
1297 507 1405 550 soror

254 597 359 661 uiros
381 597 473 660 meri
499 593 637 679 σπη’)
660 594 707 658 eia
730 594 765 658 in
788 594 882 676 locis,
910 593 965 677 qui
989 598 1022 657 et
1045 616 1066 657 a
1088 593 1182 658 libris
1205 614 1284 658 mss.
1307 592 1404 656 fidem

120 727 241 769 cxuvm
254 725 314 768 nec
337 703 466 768 aliunde
489 702 612 787 aliquid
640 700 831 786 suspitionis
853 701 990 785 habent,
1017 705 1139 766 temere
1161 721 1233 764 esse
1256 701 1293 764 in
1316 700 1406 765 dubi·

253 809 410 874 tationem
443 808 590 874 vocanda
618 808 820 873 concedatur.
865 806 928 872 Sed
956 808 1125 886 nomina,
1156 812 1194 871 ut
1227 807 1311 891 dixi,
1344 808 1404 871 vel

253 916 471 1000 particulas
496 920 627 1002 oportet
649 937 734 998 esse,
760 938 837 981 non
864 916 995 1000 verba,
1026 939 1047 981 a
1073 915 1191 1001 qmbns
1213 916 1278 981 boc
1302 937 1404 1001 genus

253 1024 419 1108 licentiae,
447 1025 474 1089 si
504 1024 581 1110 quid
605 1024 713 1108 video,
741 1045 876 1108 prorsus
904 1024 1070 1088 exclusum
1096 1023 1168 1088 init
1213 1022 1264 1088 De
1287 1024 1404 1089 Plauto

254 1130 384 1214 loquor,
421 1131 463 1196 ad
500 1131 687 1196 Terentium
724 1131 789 1195 alio
825 1134 971 1214 tempore
1007 1131 1178 1195 rediturus.
1229 1131 1404 1197 Rationem

253 1237 405 1322 quaeris?
434 1238 667 1322 experientiam
692 1260 836 1322 oppono:
864 1259 924 1302 nec
947 1237 1035 1301 enim
1057 1238 1109 1302 vel
1131 1245 1215 1303 amet
1236 1239 1289 1304 vel
1313 1240 1404 1304 uelim

254 1343 306 1407 vel
327 1344 414 1424 ferus
436 1346 487 1409 vel
509 1347 613 1410 sinum
631 1346 683 1410 vel
702 1366 805 1411 omncs
822 1345 874 1410 vel
893 1345 1051 1410 eiusmodi
1069 1345 1243 1430 quicquam
1263 1348 1403 1411 similem

254 1450 480 1535 ecthlipsim
502 1475 634 1536 passum
656 1475 812 1538 umquam
835 1452 1015 1517 observavi
1047 1450 1121 1516 Nisi
1139 1452 1226 1537 quod
1245 1475 1315 1519 non
1333 1475 1402 1518 esse

254 1580 272 1622 e
296 1558 458 1643 corruptis
482 1560 775 1645 argumentandum
798 1582 858 1625 sua
876 1563 990 1643 sponte
1009 1559 1225 1646 intellegitur:
1250 1561 1401 1645 qualibus

256 1687 367 1730 earum
390 1667 597 1750 potissimum
620 1666 808 1750 formarum,
831 1688 913 1751 quae
938 1670 1015 1731 sunt
1037 1668 1136 1732 aelle
1158 1666 1264 1751 verbi,
1292 1688 1403 1732 mono

142 1795 240 1837 cxarx
254 1773 417 1857 syllabam
440 1775 737 1858 pronuntiationem
760 1775 934 1858 probatum
957 1770 1130 1860 ierunt**)
1167 1773 1269 1839 Velut
1294 1771 1401 1858 Capti·

347 1967 373 2035 '‘)
396 1968 460 2023 Nisi
482 1968 513 2022 in
535 1967 580 2023 his
599 1984 676 2024 amor
699 1967 795 2036 (Andr.
818 1968 844 2037 l,
867 1974 893 2036 5,
916 1970 961 2036 26)
986 1969 1015 2021 et
1037 1984 1113 2022 crura
1135 1966 1248 2036 (Bacch.
1267 1967 1316 2036 IV,
1334 1973 1360 2036 4,
1379 1975 1401 2024 3.

254 2056 313 2113 llil.
332 2057 366 2124 11,
385 2062 411 2124 4,
430 2060 456 2124 9)
476 2060 578 2124 essent,
598 2059 627 2113 et
644 2072 728 2128 supra
747 2059 834 2125 caim,
853 2056 952 2111 ceteris
970 2055 1189 2125 condicionibus,
1209 2055 1313 2125 quibus
1331 2058 1401 2112 hauc

255 2144 398 2199 licentiam
424 2162 509 2215 passa
534 2145 672 2201 vocabula
697 2145 830 2215 astrinxi,
853 2145 927 2200 hanc
949 2144 1129 2214 adiecissem,
1154 2146 1186 2199 nt
1203 2161 1222 2198 a
1239 2146 1402 2202 consonanti

254 2231 377 2302 incipere
396 2233 496 2290 debere
515 2235 649 2290 dicerem:
668 2234 699 2289 id
716 2234 791 2304 quod
809 2234 839 2289 in
858 2233 941 2304 longe
960 2233 1083 2303 plurima
1101 2233 1179 2290 cadit
1196 2233 1334 2304 profecto.
1368 2234 1402 2290 at

254 2321 361 2390 aliquid
374 2323 492 2378 interest
506 2340 581 2392 sane,
598 2327 691 2379 utrum
710 2327 854 2393 tamquam
875 2323 976 2391 mlum,
996 2324 1072 2390 d'mi,
1090 2325 1189 2391 m'aas,
1207 2327 1297 2390 cm,
1314 2325 1402 2389 arsid,

254 2413 348 2476 casm,
363 2412 434 2480 c'los,
447 2416 527 2479 s'ror,
541 2417 614 2468 o'ros
627 2413 846 2484 pronuntiemus,
861 2429 898 2468 an
911 2429 989 2469 amor
1003 2417 1032 2468 et
1045 2429 1121 2468 mm
1135 2413 1243 2467 etenim
1253 2413 1402 2468 vocabulo

254 2516 316 2553 rum
325 2501 548 2571 monosyllabum
559 2502 815 2575 pronuntiationem
829 2503 924 2571 aliquo
938 2502 1021 2557 modo
1036 2500 1187 2569 imitemur,
1202 2518 1267 2556 cnm
1277 2502 1349 2557 haec
1358 2503 1402 2557 vix

254 2590 365 2661 possint
381 2591 473 2663 priora
492 2593 584 2648 vocali
607 2594 709 2649 extrita
731 2592 863 2664 proferri,
886 2592 935 2647 sed
954 2592 993 2647 sic
1012 2590 1107 2662 potius
1125 2591 1159 2645 ut
1175 2589 1298 2645 videtur:
1325 2595 1401 2658 am’r,

253 2683 329 2745 cr’m,
348 2682 424 2738 ca’m.
450 2682 555 2738 Verum
569 2681 683 2738 difficile
699 2686 742 2739 cst
755 2685 785 2738 et
797 2682 945 2752 lubricum,
962 2682 1029 2751 quid
1043 2680 1120 2737 vitae
1135 2681 1309 2738 consuetudo
1328 2683 1401 2737 vete

254 2785 315 2823 rum
334 2770 453 2839 probaro
471 2771 517 2827 vel
534 2771 659 2841 potuerit
672 2772 718 2826 vel
731 2788 788 2827 non
801 2771 933 2841 potuerit,
951 2771 1063 2840 assequi
1077 2769 1272 2826 ratiocinando
1286 2772 1316 2826 et
1330 2788 1400 2827 com·

254 2856 425 2915 miniscendo
440 2859 520 2915 velle.
532 2890 564 2899 -
576 2860 704 2915 Ceterum
719 2859 908 2929 quaerendum
922 2859 984 2928 erit,
1000 2877 1067 2914 num
1086 2858 1158 2914 torte
1177 2859 1265 2914 etiam
1282 2859 1319 2914 ad
1332 2862 1402 2915 siae

253 2947 491 3016 praepositionem
510 2948 609 3003 eadem
628 2948 772 3018 ecthlipsis
791 2947 964 3019 pertinuerit,
983 2949 1016 3002 ut
1033 2946 1133 3002 Pseud.
1152 2949 1172 3016 1,
1192 2954 1217 3016 3,
1239 2954 1304 3003 144³

363 3036 418 3092 Sed
437 3036 496 3093 sine
515 3038 632 3108 argento
651 3036 787 3103 tristra's,
806 3036 855 3107 qni
872 3052 917 3091 me
935 3039 977 3090 tui
995 3035 1120 3091 misereri
1138 3028 1279 3107 pbstulas:

255 3126 295 3179 sic
319 3125 393 3180 cuim
416 3126 456 3181 ibi
479 3126 514 3182 A.
552 3127 626 3181 Nam
649 3126 684 3181 de
712 3126 839 3181 obsoleto
861 3142 889 3180 sc
911 3125 1015 3180 frustra
1037 3125 1074 3181 sit
1097 3126 1147 3194 qui
1173 3125 1249 3196 apud
1271 3126 1402 3182 Plautum

255 3213 368 3283 cogitet.
405 3214 531 3285 [Cogitat
553 3215 723 3271 ltitschelins
749 3214 849 3285 Opnsc.
869 3213 937 3283 phil.
957 3215 997 3268 Ill
1014 3232 1040 3285 p.
1062 3219 1127 3280 130;
1144 3214 1174 3269 in
1198 3214 1323 3271 editione
1346 3218 1402 3271 sine

254 3317 365 3356 nummo
383 3300 518 3372 dederat]
552 3303 630 3358 Adde
649 3303 770 3358 anonae
794 3303 933 3358 senarium
951 3304 972 3372 l,
992 3309 1016 3372 1,
1035 3309 1069 3357 39
1089 3319 1107 3357 a
1125 3302 1192 3358 Sine
1209 3305 1326 3360 inuidia
1344 3307 1402 3360 lau·

254 3391 314 3445 clem
332 3391 529 3449 exordientem.
568 3392 691 3459 Quodsi
709 3392 937 3463 probabilitatem
955 3394 1068 3460 habeat,
1087 3409 1120 3447 ex
1140 3408 1238 3447 eorum
1257 3394 1400 3461 societate,

255 3480 355 3551 quibus
369 3498 454 3551 snpra
473 3477 562 3537 imnis
580 3481 710 3537 vocabuli
728 3483 932 3552 correptionem
950 3480 1130 3552 probavimus
1148 3500 1176 3551 p.
1186 3496 1297 3538 oxxxn
1318 3484 1402 3556 [880],

254 3570 310 3626 tria
329 3570 458 3641 exempla
476 3570 567 3640 prima
585 3571 733 3628 eximenda
749 3571 862 3640 tuerint,
881 3573 914 3626 ut
931 3569 1127 3626 necessitatem
1145 3588 1202 3627 non
1220 3571 1365 3629 habentia

326 3659 368 3730 *ἢ
387 3660 497 3716 Nedum
516 3663 548 3715 ut
566 3661 760 3731 monosyllaba
778 3677 838 3716 esse
856 3677 972 3731 nepos,
995 3666 1093 3729 rapat
1111 3661 1141 3715 et
1158 3659 1265 3716 similia
1283 3662 1400 3731 possint,

254 3766 327 3820 quae
350 3749 486 3820 liquidam
507 3767 563 3806 uon
586 3751 716 3806 habeant.
760 3750 804 3805 Ita
822 3749 996 3804 Menaechm.
1015 3747 1050 3815 V,
1073 3753 1099 3817 7,
1117 3754 1151 3803 39
1175 3750 1397 3819 transpositione

255 3857 325 3910 opus
344 3855 403 3895 esse
422 3839 479 3895 iam
494 3839 612 3895 Bothius
630 3840 780 3911 perspexit,
799 3856 968 3908 quamquam
986 3854 1041 3892 non
1055 3855 1118 3892 cnm
1136 3837 1186 3893 illo
1205 3840 1231 3894 si
1250 3844 1330 3895 taum
1348 3857 1400 3896 essa

253 3944 337 3998 sepas
355 3945 396 3983 mc
414 3928 608 3984 collocandum
628 3931 679 3997 est,
698 3929 747 3983 sed
766 3928 821 3983 arti
840 3927 1036 3983 convenienter

362 4018 408 4073 Sic
426 4017 485 4073 sine
504 4017 599 4088 igitur,
619 4019 744 4088 atnepos
762 4035 808 4072 mc
827 4018 907 4072 trium
925 4033 994 4088 esse,
1013 4019 1090 4075 abire
1109 4019 1240 4075 liberum.

254 4108 346 4180 Magis
365 4107 471 4163 turbati
490 4124 587 4163 versus
606 4106 686 4178 Capt.
704 4121 751 4175 111,
770 4112 796 4176 4,
815 4112 849 4160 39
867 4105 963 4162 nescio
982 4124 1019 4162 an
1038 4106 1078 4162 sic
1096 4106 1345 4166 reconcinnentur:

361 4197 421 4253 Tan
435 4213 519 4267 arpos
533 4196 694 4267 Tyudtmm
712 4204 792 4253 esse?
807 4227 841 4237 -
855 4196 936 4266 Nego
954 4212 1016 4267 ego.
1032 4229 1063 4238 -
1084 4199 1146 4253 Tun
1165 4201 1195 4255 tc
1212 4197 1403 4255 Philocratem

1053 4288 1114 4342 esse
1131 4286 1191 4341 ais?
1206 4317 1240 4328 -

362 4360 423 4448 Ego
441 4392 509 4432 uero
528 4375 651 4446 inquam.
672 4405 705 4415 -—
725 4374 804 4431 Tunc
823 4374 889 4430 huic
908 4374 1016 4431 orodis?
1034 4393 1055 4434 s.
1074 4394 1099 4447 q.
1117 4392 1138 4431 s.

256 4462 388 4520 Pseuduli
407 4466 427 4534 l,
446 4473 471 4535 3,
491 4470 525 4519 60
536 4481 576 4534 sq.
595 4467 672 4521 rectc
689 4464 746 4521 iam
766 4463 907 4520 ordinavit
928 4463 1053 4520 Bothius.
1076 4464 1213 4520 Rudentis
1239 4468 1338 4522 autem
1357 4465 1404 4536 IV,
