2910 5010
347 366 645 414 aulrunarronsu
667 367 740 413 unu
765 352 971 414 laumense.
1170 350 1231 413 701

88 512 304 575 humanarum
334 514 366 573 ct
394 510 512 574 virium
540 508 767 592 defectionem,
791 508 845 573 sed
870 509 974 592 floris,
998 509 1139 592 roboris,
1163 531 1234 594 gra·

87 618 213 695 vitatis,
241 616 443 681 auctoritatis
472 617 707 681 incrementum
735 620 769 681 et
798 620 834 680 ut
865 638 930 681 uno
959 615 1058 680 verbo
1089 615 1233 679 dicamus

89 726 190 809 ipsius
220 724 394 789 senectutis
423 724 639 808 iuventutem,
669 722 724 787 sed
747 723 812 786 vim
837 721 1056 787 immortalem
1080 721 1234 786 divinitus

91 831 210 896 insitae
233 830 365 896 mortali
391 831 501 916 generi
525 830 658 914 indolis,
681 829 737 893 sed
760 850 935 914 perennem
960 829 1078 893 summi
1101 828 1235 893 deorum

87 939 243 1022 beneficii,
261 938 345 1022 quod
365 937 486 1003 artium
505 938 751 1021 litterarumque
770 937 892 1001 lumine
911 937 1105 1019 continetur,
1125 935 1230 1021 digni-

86 1048 188 1109 tatem
212 1045 468 1110 luculentissime
491 1048 662 1109 testantur.
709 1042 823 1128 Itaque
846 1048 1020 1128 postquam
1045 1066 1118 1109 cum
1142 1044 1232 1108 vario

87 1156 269 1237 temporum
298 1153 433 1217 decursu
461 1155 532 1216 tum
562 1152 654 1239 gravi
681 1152 798 1216 horum
827 1173 985 1216 annorum
1009 1150 1233 1216 vicissitudine

87 1259 152 1324 iam
175 1259 414 1324 trisaeclisenex
439 1258 610 1323 Albertina
636 1256 756 1323 Vestra
779 1259 908 1323 virtutis
933 1259 1021 1323 etin
1044 1259 1162 1323 litteris
1187 1282 1236 1324 or·

87 1366 211 1449 nandis,
235 1366 399 1452 augendis,
423 1350 624 1430 illustrandis
644 1366 845 1450 conspicuae,
869 1369 902 1429 et
921 1366 956 1430 in
976 1365 1044 1430 vita
1063 1366 1102 1431 ad
1123 1389 1233 1431 veram

86 1472 317 1558 liberalemque
336 1475 577 1539 humanitatem
601 1472 842 1556 conformanda,
866 1472 1126 1558 vindicandaque
1145 1474 1234 1539 omni

91 1600 261 1643 nervorum
287 1580 494 1645 contentione
523 1580 688 1666 cogitandi
717 1579 897 1665 agendique
920 1580 952 1644 in
979 1581 1092 1665 quovis
1116 1601 1235 1665 genere

88 1687 233 1769 veritate,
252 1687 386 1768 iustitia,
405 1687 559 1751 libertate
573 1686 804 1770 comprobatae
819 1685 1002 1770 exemplum
1017 1687 1113 1772 longe
1129 1688 1235 1771 splen·

87 1792 291 1857 didiscimum
320 1792 435 1857 edidit:
465 1792 562 1856 huius
593 1792 723 1877 quidem
754 1792 893 1876 exempli
924 1794 1128 1877 praestant-ia
1161 1817 1234 1860 cum

87 1899 153 1963 vim
181 1911 384 1965 communem
413 1899 530 1964 debeat
557 1900 590 1963 in
619 1920 790 1984 germanas
819 1900 945 1983 patriae
969 1900 1139 1965 universae
1163 1925 1232 1967 aca-

87 2005 207 2070 demias
223 2006 354 2090 habere,
373 2010 442 2070 tum
462 2005 629 2091 aliquanto
648 2007 781 2090 propius
801 2006 902 2071 videri
922 2010 1031 2090 potest
1049 2008 1089 2072 ad
1104 2014 1234 2073 nostras

88 2112 296 2197 potissimum
323 2114 467 2178 rationes
498 2113 668 2198 pertinere.
711 2111 877 2177 Habemus
907 2113 993 2178 enim
1023 2136 1081 2179 nos
1106 2115 1234 2201 quidem

86 2242 143 2284 cur
170 2219 253 2305 Vos,
284 2224 424 2285 veterem
455 2225 488 2285 et
518 2221 686 2305 antiquam
716 2220 959 2285 universitatem
989 2220 1175 2287 adolescens
1203 2228 1236 2287 ct

89 2331 256 2411 tamquam
281 2328 474 2413 pubescens,
502 2327 661 2411 imprimis
691 2327 906 2410 suspiciamus
936 2326 1158 2414 eVestroque
1186 2352 1236 2393 ex-

86 2435 205 2520 emplo,
234 2439 271 2500 ut
299 2458 316 2499 e
344 2435 405 2498 viri
430 2434 625 2501 auctoritate
653 2434 805 2499 iuvenilis
837 2434 1028 2518 aemulatio,
1052 2435 1236 2501 efficacissi-

86 2564 174 2605 mum
197 2542 329 2606 virtutis
353 2541 598 2606 incitamentum
622 2546 771 2626 petamus
795 2545 827 2605 et
850 2542 1030 2606 voluntatis
1050 2543 1235 2607 firmamen-

84 2653 164 2713 tum.
198 2646 268 2724 Quo
288 2647 420 2732 accedit,
440 2650 524 2733 quod
540 2649 702 2714 consimili
718 2647 905 2713 condicione
925 2650 1047 2714 incluta
1063 2648 1235 2712 Albertina

85 2754 206 2820 Vestra
236 2759 269 2819 et
297 2754 377 2820 haec
408 2755 585 2821 Fridericia
615 2754 791 2821 Guilelmia
820 2753 977 2819 Rhenana
1009 2755 1069 2818 hac
1103 2755 1234 2837 utimur,

86 2861 171 2945 quod
201 2863 235 2925 in
264 2863 417 2927 extremis
447 2864 537 2948 regni
562 2862 726 2928 Boruasici
749 2862 898 2927 terminis
922 2862 1100 2927 collocatae
1124 2884 1235 2926 sumus

85 2968 267 3031 certissima
289 2969 482 3033 vernaculae
507 2973 539 3032 et
562 2970 768 3051 incorruptae
802 2967 967 3031 doctrinae
991 2968 1237 3052 propugnacula

85 3077 155 3138 turn
180 3099 199 3138 a
222 3075 362 3139 barbara
386 3075 606 3140 illiberalitate
629 3079 699 3139 tum
724 3097 743 3138 a
765 3075 893 3138 liberali
916 3074 1049 3138 levitate
1068 3074 1232 3139 vindican-

84 3180 152 3243 dae.
197 3179 286 3264 Ergo
311 3182 572 3265 aequibonique
596 3181 767 3263 consulite,
791 3181 907 3264 quibus
933 3180 1129 3265 singularem
1154 3184 1233 3245 tem·

87 3308 202 3370 porum
218 3285 409 3351 Vestrurum
424 3286 612 3352 felicitatem
627 3288 712 3352 votis
733 3286 930 3372 optimisque
944 3287 1106 3352 ominibus
1125 3288 1237 3370 prose·

84 3394 229 3478 quimur:
254 3415 336 3477 quae
360 3394 543 3458 curavimus
563 3397 599 3458 ut
624 3395 722 3458 etiam
741 3416 850 3459 coram
869 3397 1104 3478 nuncupentur,
1127 3393 1235 3457 missis

84 3498 209 3564 duobus
228 3500 371 3585 collegis,
395 3500 550 3585 aquibus
569 3501 630 3565 hae
646 3500 749 3567 Vobis
769 3501 896 3565 litterae
920 3500 1102 3583 reddentur,
1125 3502 1228 3565 altero

82 3606 188 3688 ipsius
213 3606 401 3671 Albertinae
426 3608 569 3691 alumno,
592 3606 626 3671 F.
651 3608 704 3691 A,
729 3607 1020 3672 astronomicarum
1045 3606 1230 3693 disciplina·

83 3734 156 3776 rum
180 3712 265 3797 apud
288 3735 348 3777 nos
371 3713 568 3797 professore,
598 3714 701 3779 altero
725 3711 759 3779 C.
783 3712 828 3797 S,
855 3713 1151 3779 Iureconsultcrum
1175 3711 1232 3776 Or-

85 3817 170 3884 dinis
193 3818 224 3882 h.
248 3822 269 3883 t.
293 3818 414 3884 decano
438 3819 613 3903 eodemque
637 3823 796 3885 senatore.

174 3924 271 3991 Faxit
297 3926 386 3990 Deus
415 3926 566 4011 Optimus
593 3925 770 4012 Maximus,
800 3931 837 3992 ut
868 3926 1008 3991 inclutae
1040 3926 1232 3990 Albertinae

86 4032 194 4116 gloria
220 4033 254 4097 in
279 4035 445 4116 posterum
472 4031 600 4096 illibata
626 4032 728 4116 duret,
753 4032 944 4117 fortiterque
963 4026 1232 4116 propulsatis'eis

86 4138 250 4223 periculis,
274 4161 355 4223 quae
383 4140 433 4202 vel
464 4140 534 4203 auri
564 4162 655 4205 saera
682 4139 786 4205 fames
816 4140 1008 4224 sordidaque
1035 4139 1116 4203 lucri
1144 4140 1232 4223 cupi-

88 4244 183 4327 ditas,
207 4266 288 4329 quae
312 4267 398 4309 nunc
420 4245 486 4309 fere
505 4245 664 4310 dominari
683 4247 717 4309 in
740 4247 836 4311 rebus
855 4246 1007 4311 humanis
1026 4246 1161 4330 occepit,
1183 4247 1234 4310 vel

86 4352 236 4435 suspicax
274 4356 306 4415 et
337 4355 486 4418 tortuosa
522 4352 729 4417 illiberalium
767 4354 992 4418 tenebrionum
1026 4353 1234 4437 machinatio,

85 4481 182 4543 quam
206 4459 396 4523 confidimus
421 4459 461 4523 ad
485 4481 595 4525 reram
620 4458 875 4525 dominationem
900 4482 1074 4545 numquam
1098 4482 1232 4544 perven-
