2992 5004
419 346 683 396 snsunmrorus
707 345 920 395 rnnvrruxs.
1179 324 1243 392 349

97 490 247 557 doctrina
270 493 558 577 grammaticorum
581 496 661 557 nata
684 491 780 577 est*),
805 491 860 556 sed
884 491 983 555 etiam
1006 491 1123 556 vitiosa
1147 507 1245 566 Quun

11 652 14 657 ,
96 616 243 676 saecun
267 599 465 683 saepissime.
507 599 578 683 Ego
601 621 665 681 quu
688 598 816 663 litteras
840 620 875 661 se
898 597 1045 682 excipere
1068 619 1245 682 numquam

99 729 224 791 passus,
247 706 304 770 ubi
326 728 392 771 non
409 707 585 790 reciperem
603 727 671 788 quo,
694 706 789 790 posui
807 725 845 769 ou
863 708 900 769 ut
917 727 948 769 v.
962 704 1027 768 392
1047 726 1064 768 e
1079 704 1113 767 B
1130 725 1245 768 ocurru

97 810 268 896 Singulare
287 817 342 883 ‚est
364 814 399 878 in
418 813 531 878 eodem
554 813 639 878 libro
659 817 821 878 servatum
841 835 869 876 v.
879 811 952 876 437
967 833 1245 894 quaequomque.

99 918 240 984 -Non
270 921 374 1005 magis
402 941 447 985 uu
474 920 601 984 litteras
629 920 767 984 toleravi
795 939 861 984 non
889 919 1099 1003 praecedente
1121 942 1153 1002 q:
1190 919 1245 984 sed
1329 977 1331 981 ,

98 1027 368 1110 quemadmodum
388 1049 416 1092 v.
427 1027 492 1091 438
511 1031 650 1091 mutuom
669 1048 686 1089 e
705 1026 747 1110 Β,
766 1027 813 1090 ita
832 1026 901 1091 sine
919 1026 1012 1090 libris
1031 1026 1117 1091 idern
1137 1049 1165 1090 v.
1173 1027 1246 1091 727.
1327 1031 1330 1039 “

100 1134 172 1199 758.
191 1134 395 1217 10501055,
419 1138 555 1198 mortuos
577 1134 651 1198 494.
667 1133 742 1217 496,
764 1135 929 1216 inportuosa
943 1133 1017 1215 662,
1040 1134 1168 1199 relicuos
1187 1155 1246 1217 pro

97 1241 231 1306 rulrcuus
254 1238 353 1325 (quod
377 1245 487 1306 tamen
511 1241 545 1304 in
568 1240 660 1304 libris
685 1240 769 1305 solet
791 1241 928 1323 reliquus
946 1260 1025 1322 esse,
1049 1262 1245 1325 quamquam

100 1348 178 1413 illud
202 1348 350 1433 agnoseit
373 1345 585 1412 Cassiodorus
614 1345 653 1410 de
677 1345 821 1431 orthogr.
843 1369 874 1430 p.
898 1346 987 1411 2290
1011 1348 1100 1430 [158,
1126 1348 1167 1412 15
1191 1345 1246 1433 Κ)

151 1455 216 1520 510
244 1455 384 1539 reposui,
430 1452 592 1538 Exceptus
621 1458 733 1518 tamen
756 1475 827 1518 esse
851 1460 922 1519 tuus
945 1459 1032 1519 tuum
1053 1475 1132 1519 suus
1154 1475 1247 1520 suurn

103 1567 221 1626 ‘armas
247 1557 403 1645 volui**);
428 1583 448 1625 a
467 1561 575 1626 Plauti
598 1561 728 1645 quidem
752 1565 790 1625 ut
807 1565 887 1646 puto
906 1567 1013 1626 aetate
1033 1562 1167 1644 alienas,
1191 1561 1247 1626 sed

132 1692 182 1734 iae
210 1669 296 1732 vitae
325 1690 385 1733 usu
414 1668 639 1754 frequentatae
662 1669 753 1753 prius
777 1669 944 1752 potuerint
967 1691 1064 1754 quam
1088 1673 1244 1753 cognatae
1259 1689 1322 1730 xcv

139 1777 287 1860 brepere:
319 1779 453 1840 tuentur
480 1779 566 1841 certe
592 1776 678 1841 hanc
708 1777 930 1860 exceptionem
959 1777 1093 1842 codices.
1118 1813 1157 1822 —
1183 1775 1247 1840 Par

99 1905 109 1948 1
147 1884 184 1947 ¹io
208 1905 335 1966 eorum,
362 1905 444 1967 quae
468 1905 535 1948 non
558 1883 705 1947 vocalem
728 1902 766 1967 u‚·
792 1884 848 1947 sed
871 1887 1102 1948 consonantem
1126 1886 1202 1948 ante
1224 1906 1247 1947 u

98 1990 116 2054 1
154 1994 228 2054 >ent
270 1987 317 2052 Vt
339 1990 442 2075 igitur
464 1993 577 2055 uouour
600 2013 629 2054 v.
645 1990 709 2054 792
732 2011 770 2054 ex
794 1990 955 2075 omnibus,
978 2012 1054 2057 auos
1077 2014 1105 2056 v.
1121 1991 1186 2055 644
1208 2012 1247 2055 ex

99 2119 120 2162 0
146 2097 250 2162 nibus
286 2101 415 2181 praeter
442 2119 543 2161 unum
571 2097 838 2180 Ambrosianum,
871 2097 960 2180 uolqo
991 2098 1112 2163 saluom
1143 2119 1248 2164 seruos

98 2210 209 2269 auaro
239 2227 269 2268 v.
292 2204 345 2268 99.
372 2205 442 2270 180.
466 2204 540 2268 435.
566 2204 652 2269 1075
685 2228 702 2269 0
736 2205 806 2271 solo
838 2205 869 2270 B
896 2202 1099 2290 prodierunt,
1131 2207 1178 2270 ita
1205 2228 1246 2270 ne

99 2314 141 2394 tp·
156 2332 235 2376 uus
258 2310 387 2395 quidem
415 2333 445 2374 v.
471 2311 535 2375 165
565 2311 616 2375 vel
642 2312 713 2376 uult
735 2315 768 2376 et
791 2312 825 2376 id
848 2333 949 2397 genus
972 2313 1099 2398 reliqua
1122 2314 1247 2378 admisi.

102 2454 136 2464 -
162 2420 220 2483 v'ro
242 2439 281 2482 ue
303 2422 491 2482 constanter
513 2441 553 2482 uo
577 2419 745 2504 amplexus
766 2442 838 2483 sum
857 2420 890 2483 in
909 2426 1018 2500 uoster,
1037 2427 1156 2487 uortcre
1175 2443 1247 2486 cum

100 2514 140 2591 su
187 2525 356 2609 progenie:
388 2525 423 2589 in
450 2525 602 2609 qualibus
631 2548 728 2611 quam
752 2525 835 2590 nihil
858 2528 989 2592 valeant
1012 2527 1102 2613 libri,
1135 2529 1247 2594 docere

101 2656 129 2697 v.
169 2632 218 2697 Ἰ16
240 2636 364 2716 potest,
388 2633 435 2698 sic
458 2634 597 2719 scriptus
620 2635 653 2699 in
676 2634 843 2700 omnibus:
878 2634 917 2698 Vt
938 2655 1012 2717 oqro
1035 2641 1154 2701 euortrt
1174 2637 1247 2701 Les·

101 2740 146 2804 bor
184 2761 255 2818 uru,
281 2741 405 2822 quaudo
427 2743 536 2806 ouortr’t
558 2741 692 2806 1111511.
738 2740 887 2804 Pertinet
909 2738 973 2806 huc
997 2742 1097 2806 etiam
1118 2747 1249 2807 uotorc
1339 2764 1342 2769 ·

100 2869 150 2932 prr
181 2853 289 2929 *retorq
313 2853 504 2914 annotatum
528 2849 629 2914 etiam
648 2847 733 2932 apud
749 2844 980 2912 Cassiodorum
1003 2871 1032 2932 p.
1047 2849 1134 2915 2283
1160 2850 1248 2934 [149,

104 2956 142 3019 17
164 2955 326 3039 ἶ1.],0101
346 2954 396 3019 vel
416 2954 619 3039 corruptelae
638 2953 784 3018 codicum
803 2957 966 3018 testantur
984 2975 1013 3017 v.
1028 2955 1102 3019 457.
1117 2956 1196 3044 tvo:
1215 2962 1248 3020 et
1373 3008 1382 3027 „a

101 3063 156 3126 mir.
182 3085 207 3125 ÷s
222 3063 255 3126 in
271 3062 388 3146 vulgus
404 3062 572 3146 cognitum
591 3082 756 3139 uorrero,
775 3068 811 3125 ut
825 3081 1010 3126 couuorruru
1024 3059 1126 3126 Stichi
1141 3064 1248 3127 versui

101 3168 143 3252 II,
154 3174 182 3237 ςῑῗ,
194 3170 233 3234 51
256 3179 295 3233 ex
309 3169 341 3234 A
358 3169 567 3234 reddendum:
591 3169 675 3234 unde
689 3168 776 3232 Trin.
791 3191 819 3232 v.
834 3168 899 3232 409
919 3169 1020 3234 ouorso'
1037 3173 1110 3233 suut
1127 3171 1249 3234 nummi

101 3276 156 3340 cito
194 3276 378 3360 scripsimus
405 3299 465 3360 pro
496 3299 534 3341 eo
562 3277 649 3361 quod
677 3276 756 3340 olim
784 3276 1045 3360 proponebamus
1073 3283 1250 3343 ouorsumst

102 3405 156 3466 arp
176 3436 181 3447 .
198 3389 264 3448 tum
286 3382 424 3470 otto.***)
448 3421 489 3430 -
514 3385 616 3449 Porro
639 3406 661 3448 u
683 3405 744 3468 pro
766 3385 780 3447 r'
802 3384 904 3447 tuitus
928 3406 1000 3448 sum
1024 3388 1060 3448 ut
1083 3384 1248 3468 antiquius

102 3512 163 3555 nor
195 3491 230 3554 in
258 3491 464 3575 superlativis
492 3495 622 3557 tantum
650 3495 684 3555 et
711 3490 872 3555 similibus
900 3494 938 3554 ut
961 3491 1122 3574 tepituruus
1145 3491 1248 3556 omni·

102 3597 160 3662 bur
207 3598 261 3662 sed
285 3598 383 3662 etiam
406 3597 440 3661 in
464 3597 556 3676 lubet,
580 3599 703 3680 clupeus
726 3621 755 3663 v.
778 3597 852 3663 596.
877 3598 956 3681 718,
982 3598 1150 3662 clucutrbue
1173 3600 1249 3681 471,

102 3725 173 3767 mu
190 3704 296 3785 rsestus
315 3705 388 3769 895.
403 3705 478 3768 911.
515 3703 726 3769 Reconditius
750 3709 801 3768 est
824 3705 1017 3787 ruopuupturs
1038 3704 1249 3769 Ambrosiani
1372 3743 1374 3748 ·

103 3810 158 3874 fid:
193 3811 271 3876 alibi
299 3816 436 3877 certum:
468 3811 588 3875 mirum
617 3815 726 3875 autem
754 3833 812 3874 nec
840 3835 860 3875 a
883 3813 1006 3877 ratione
1029 3811 1249 3879 defensionem

103 3918 241 4000 ha‘sns,
274 3918 328 3983 sed
361 3919 447 3983 idem
469 3906 591 3983 ¹tamen
622 3918 884 3983 testimoniorum
917 3920 1125 3984 multitudine
1158 3923 1249 3984 extra

209 4108 235 4179 ⁸)
255 4110 308 4182 [Cf.
330 4109 431 4181 Opusc.
450 4108 520 4181 phil.
541 4111 577 4164 lll
596 4129 624 4180 p.
641 4111 715 4181 loa]

192 4200 235 4268 **)
256 4201 300 4271 [11
314 4200 597 4257 ed.alt.ltitecbelius
610 4200 732 4268 retinere
746 4200 838 4256 noluit
854 4202 906 4256 bas
920 4201 1024 4256 formas
1042 4201 1085 4256 ‘nt
1098 4217 1171 4257 nuno
1185 4217 1248 4256 con·
1324 4272 1331 4280 .
1370 4230 1371 4233 ¹
1428 4190 1430 4193 ¹

121 4292 161 4343 zat
174 4306 230 4344 non
239 4288 369 4344 Plautino
382 4292 502 4357 tantum,
516 4290 565 4344 sed
580 4290 665 4344 etiam
679 4289 805 4359 proximo
815 4291 925 4345 sacerdo
935 4307 1048 4357 prorsus
1058 4291 1248 4362 incognitas']
1278 4332 1282 4340 .
1315 4315 1317 4319 ¹

177 4378 234 4448 **’)
254 4380 376 4451 [diuerso
394 4380 559 4435 distrahitur
577 4380 631 4432 u'to
644 4379 694 4448 Ae,
713 4378 998 4447 Ritscbelius·Trin.²,
1017 4379 1065 4448 qui
1082 4380 1249 4435 distrahitur
1381 4380 1383 4384 '

104 4471 178 4523 anter
197 4468 255 4522 alia
273 4468 333 4538 ipse
353 4468 581 4539 coniectaverat]
