2986 5010
247 335 312 398 390
535 350 793 403 Pactuconaus
816 351 863 398 nn
888 350 1098 400 armorumve

246 494 390 579 reliquis,
413 493 561 579 idemque
579 496 674 560 unius
693 458 839 580 syllabae
862 516 1047 560 mensuram
1071 497 1124 560 sat
1146 516 1242 578 saepe
1267 498 1396 580 aequat,

246 605 285 667 ut
307 600 395 670 Trin.
419 602 497 667 260:

246 796 401 851 monianum
425 795 509 850 fidem
532 794 674 864 babentia,
697 798 731 851 ut
756 796 843 851 semel
870 796 994 867 positum
1021 812 1161 852 noenum
1187 814 1239 867 pro
1263 813 1322 854 noes
1348 798 1396 870 [ct.

247 885 347 954 Opusc.
361 884 432 955 phil.
446 883 473 938 ll
486 902 514 954 p.
529 889 580 938 242
592 901 646 954 sq.;
664 884 735 941 Nov.
750 901 808 940 exc.
828 883 870 941 l'l.
885 884 898 938 I
917 903 944 955 p.
959 891 1003 940 40.
1023 886 1097 958 112],
1116 886 1202 942 semel
1220 888 1396 957 sirempse,

246 973 275 1028 in
304 975 348 1029 his
381 973 599 1041 subsistendum,
631 989 683 1027 nec
715 972 755 1028 eis
787 973 959 1028 abutendum
990 974 1128 1030 licentius,
1175 975 1267 1041 Quam
1299 981 1396 1032 autem

246 1063 350 1134 multa,
373 1079 444 1137 quae
469 1062 563 1132 prisca
588 1061 642 1117 sibi
666 1061 794 1117 latinitas
818 1061 956 1129 vindicat,
984 1062 1042 1117 iam
1065 1063 1197 1118 Plautina
1220 1067 1316 1120 aetate
1340 1083 1395 1122 non

246 1153 390 1224 potuerint
407 1170 463 1209 non
486 1153 614 1208 obsoleta
636 1168 710 1221 esse,
728 1152 856 1223 intellegi
874 1153 920 1208 vel
938 1153 993 1208 boc
1011 1157 1176 1224 argumento
1195 1156 1299 1223 potest,
1319 1155 1394 1223 quod

246 1241 456 1298 multitudinem
482 1240 675 1296 Plautinarum
702 1241 853 1297 formarum
878 1241 942 1311 ipsa
964 1242 1134 1298 Terentiana
1158 1244 1238 1298 aetas
1264 1243 1394 1314 repudia

246 1332 301 1401 vit,
328 1331 375 1387 vix
401 1330 502 1401 viginti
529 1347 666 1386 annerum
692 1331 841 1387 intervallo
866 1348 885 1385 a
911 1333 1001 1387 morte
1028 1331 1123 1386 Plauti
1149 1330 1266 1387 distans.
1308 1334 1395 1389 Velut

246 1437 297 1475 nec
319 1421 379 1475 med
402 1420 445 1475 ted
467 1418 572 1475 formas
595 1437 647 1476 nec
670 1419 835 1476 distractum
853 1422 941 1477 celas·
958 1419 1119 1490 genetivum
1139 1421 1287 1477 Terentius
1304 1423 1394 1493 novit,

247 1525 298 1564 nec
312 1508 369 1564 alia
384 1525 455 1578 quae
470 1525 543 1564 nuno
557 1509 689 1580 persequi
702 1509 817 1581 longum
831 1513 880 1579 est,
900 1526 924 1566 e.
939 1528 962 1566 c.
976 1511 1094 1566 simite
1108 1527 1160 1580 pro
1172 1511 1257 1566 amal
1275 1511 1391 1581 dictum,

246 1614 302 1668 quo
320 1597 432 1653 deciens
450 1597 568 1653 Plautus
586 1615 666 1653 neus:
690 1600 753 1654 octo
772 1599 847 1655 enim
870 1599 1005 1670 exemplis
1026 1616 1044 1674 a
1062 1599 1258 1669 Kampmanno
1282 1617 1394 1670 compo

247 1687 308 1742 sitis
331 1686 386 1744 duo
410 1704 506 1743 versus
530 1687 667 1743 accedunt
690 1688 772 1745 Most.
792 1689 841 1760 111,
859 1695 886 1759 2,
906 1695 956 1744 104
975 1691 1005 1745 et
1023 1689 1113 1744 sueni
1131 1689 1166 1759 ΙΙ,
1185 1695 1211 1757 2,
1230 1696 1274 1758 66,
1293 1688 1335 1744 sic
1352 1689 1395 1744 illi

248 1776 433 1833 ambrosiano
452 1777 522 1832 duce
542 1777 745 1833 conformandi:

352 1868 414 1938 Ego
432 1868 478 1923 btc
496 1884 558 1923 esse
576 1870 606 1923 et
623 1866 667 1922 ssli
685 1867 780 1922 simitu
797 1867 854 1924 hau
873 1868 964 1939 potiui
984 1867 1106 1939 [similar
1122 1869 1180 1923 leae
1194 1868 1279 1938 pdtui
1293 1867 1393 1940 Opusc.

902 1956 972 2028 pbil
992 1958 1030 2013 lV
1049 1975 1076 2027 p.
1095 1956 1169 2028 ato}

354 2047 443 2112 immo
468 2054 578 2111 uenisse
605 2039 670 2110 dum
685 2054 780 2112 simitu
794 2056 908 2111 aiebant
920 2055 976 2111 illi:
995 2073 1048 2127 ego
1061 2057 1117 2111 hirc
1131 2056 1211 2112 citus.
1233 2055 1281 2128 [cf.
1292 2055 1393 2126 Opusc.

901 2143 970 2214 phil.
985 2144 1011 2198 Il
1029 2162 1057 2215 p.
1077 2147 1129 2199 258
1140 2145 1194 2217 sq.]
1386 2215 1390 2223 ι

247 2235 358 2302 Quanto
381 2235 476 2289 autem
499 2232 602 2289 aetatis
625 2233 776 2289 intervallo
795 2249 812 2287 a
831 2233 971 2302 Terentio,
994 2235 1075 2290 tanto
1094 2235 1141 2290 vel
1160 2233 1247 2291 simili
1265 2236 1335 2292 artis
1352 2236 1394 2292 in·

246 2324 366 2379 tervallo
389 2324 505 2378 Plautus
528 2324 564 2378 ab
588 2321 700 2392 aequali
724 2320 797 2392 epici
820 2323 932 2392 generis
954 2325 1040 2393 poeta
1062 2323 1152 2380 Ennio
1177 2323 1315 2382 dberetm
1338 2329 1393 2382 est:

247 2413 276 2468 et
303 2411 372 2465 artis
397 2413 426 2465 st
451 2411 552 2466 aetatis
577 2427 595 2465 a
619 2410 760 2479 Lucretio,
784 2409 862 2465 cuiue
885 2424 976 2466 sermo
998 2427 1055 2466 non
1077 2414 1121 2467 est
1142 2411 1201 2468 nllo
1226 2413 1311 2470 modo
1331 2432 1393 2470 cum

246 2501 377 2556 Plautino
402 2500 533 2556 temerius
558 2500 750 2556 conterendus.
792 2501 851 2555 Neo
876 2499 934 2556 fere
960 2501 1052 2556 minus
1078 2501 1228 2557 discrimen
1252 2502 1328 2558 inter
1353 2504 1393 2560 lo·

247 2590 350 2663 queudi
367 2607 456 2660 genua
465 2590 559 2645 Plauti
578 2589 809 2660 publicorumque
827 2593 1072 2646 monumentorum
1091 2591 1256 2647 sollemnem
1275 2609 1392 2648 eonsue-

246 2679 373 2735 tudinem
392 2679 581 2735 intercessisse
600 2696 657 2735 non
675 2680 785 2734 tautum
805 2681 870 2735 ante
888 2680 1008 2734 mortem
1032 2682 1132 2750 poetae
1155 2680 1261 2737 factum
1286 2681 1335 2738 SC.
1360 2683 1394 2738 de

247 2768 431 2824 Baoanalibus
457 2767 506 2823 sed
534 2768 620 2823 etiam
648 2768 810 2839 posterioris
837 2767 938 2823 aetatis
962 2769 1040 2839 leges
1063 2771 1093 2825 et
1114 2770 1229 2826 tabulae
1257 2773 1394 2827 testatum

211 2857 216 2865 '
246 2859 361 2914 iaciunt.
394 2857 448 2928 [Ex
476 2856 651 2913 Addendis
679 2876 705 2927 p.
730 2871 845 2913 cccxxv
856 2876 929 2929 sqq.:
959 2858 1051 2928 ‘quod
1074 2876 1092 2913 a
1116 2860 1247 2916 Terentio
1271 2860 1394 2916 alienum

246 2946 304 3001 dixi
328 2946 493 3001 distractum
516 2946 546 3001 in
571 2952 602 3001 at·
623 2947 785 3017 genetivum
807 2948 914 3017 primae
937 2947 1145 3018 declinationis,
1168 2948 1199 3003 id
1216 2965 1251 3004 ne
1271 2950 1333 3020 quis
1351 2951 1394 3005 iu-

246 3034 449 3092 consideratius
467 3035 573 3091 iactum
591 3035 740 3106 existimet,
760 3036 795 3091 de
814 3038 948 3106 quattuor
966 3037 1042 3108 locis,
1062 3037 1162 3106 quibus
1176 3038 1255 3094 illam
1269 3038 1392 3095 formam

246 3124 389 3180 Bentleius
407 3123 512 3193 intulit,
531 3124 629 3195 paucis
654 3125 694 3179 sic
717 3125 830 3180 habeto.
867 3125 908 3180 Ac
926 3126 1058 3182 vitiosam
1077 3126 1222 3183 elisionem
1240 3129 1397 3185 Phaedriai

246 3215 394 3270 eamdent
412 3212 441 3267 in
460 3214 571 3269 Pborm.
591 3212 638 3282 IV,
653 3219 678 3281 2,
694 3219 709 3268 'l
729 3213 868 3283 probabili
882 3231 971 3284 nuper
985 3214 1181 3272 emendatione
1195 3217 1394 3274 Lachmannus

247 3304 288 3373 [in
307 3303 387 3358 Lucr.
406 3321 433 3372 p.
455 3303 518 3373 1o1]
538 3302 663 3357 sustulit:

460 3392 516 3447 Vbi
533 3390 690 3447 Phaedriae
709 3408 770 3447 esee
789 3392 949 3447 ostenderet
965 3392 1055 3450 nihilo
1074 3394 1166 3449 minus

407 3487 416 3492 ’
459 3481 588 3537 Amicum
607 3497 667 3536 sese
686 3497 771 3550 quam
790 3482 952 3553 Antiphoni.

246 3571 371 3628 Permiro
391 3574 486 3627 autem
511 3571 669 3626 commento
691 3571 722 3625 in
740 3571 891 3628 Heautont
910 3573 944 3642 V,
965 3579 989 3642 1,
1008 3580 1043 3629 20
1062 3575 1204 3630 Bentleius
1223 3592 1257 3631 ne
1280 3584 1397 3647 apertam

246 3661 368 3731 quidem,
388 3661 437 3715 sed
456 3662 549 3731 ipsum
567 3666 684 3730 epmsead'
699 3659 792 3715 voluit
809 3662 875 3715 ante
893 3679 994 3717 amam
1011 3662 1188 3734 trisyllabum
1207 3681 1275 3721 esse.
1312 3666 1393 3722 Nihil

246 3750 398 3821 quicquam
416 3748 563 3805 molestiae
583 3750 673 3805 estin
690 3749 833 3805 baladcia
852 3750 1000 3822 scriptura:

355 3838 479 3910 Sponsae
497 3841 617 3908 uestem,
640 3856 739 3893 anrum
762 3841 847 3908 atque
871 3840 989 3895 ancillas
1008 3858 1079 3913 opus
1098 3859 1170 3898 esse:
1194 3846 1345 3914 argentum
1364 3848 1395 3900 ut

958 3931 966 3945 “
1090 3931 1177 3986 dares.

246 4017 319 4071 Nam
344 4017 418 4086 quod
443 4016 492 4071 ills
518 4033 631 4087 prorsus
655 4016 834 4073 invenustum
857 4017 941 4088 dixit,
964 4036 1065 4074 emam
1087 4019 1111 4073 si
1130 4019 1168 4074 sit
1186 4021 1245 4076 sine
1264 4026 1394 4092 accentu,

245 4107 275 4162 in
293 4123 327 4163 eo
346 4105 448 4161 nimius
466 4105 528 4160 fuit
555 4105 681 4161 Primum
700 4107 823 4162 enimin
842 4109 1050 4165 enumeratione
1067 4112 1127 4167 tam
1146 4109 1281 4165 similium
1299 4128 1392 4167 rerum

245 4212 302 4251 non
326 4197 369 4250 eet
389 4195 518 4266 profecto
542 4196 602 4250 auri
624 4196 802 4267 potissimum
827 4198 905 4254 notio
930 4199 1083 4270 praecipua
1104 4200 1133 4255 vi
1159 4199 1218 4254 ulla
1236 4203 1393 4258 sententiae

245 4283 371 4354 insignis.
408 4283 516 4340 Deinde
534 4287 629 4341 autem
654 4286 822 4357 ubicumque
848 4290 913 4359 post
935 4287 1058 4358 aliquam
1084 4288 1340 4360 interpunctionem
1366 4296 1394 4348 et

247 4374 374 4441 quamvis
393 4374 507 4430 brevem
526 4375 726 4446 pronuntiandi
740 4393 857 4447 pausam
870 4396 924 4435 vox
938 4378 973 4434 de
987 4377 1098 4449 integro
1113 4378 1229 4447 orditur,
1249 4396 1284 4435 ne
1297 4384 1395 4450 potest

248 4462 360 4534 quidem
379 4463 408 4519 id
427 4464 604 4534 vocabulum,
622 4480 640 4519 a
658 4481 713 4533 quo
733 4466 979 4539 orditur‚'prorsus
998 4467 1162 4524 delitescere
1176 4483 1349 4540 quamquem
1363 4470 1393 4525 in
