2992 5004
434 347 699 396 nnnnosnoms
723 347 930 396 nnnvmnns.
1188 332 1253 397 379

111 493 166 577 qni
195 513 261 558 non
288 491 404 558 dubito
432 492 512 577 quin
540 493 575 557 in
602 491 775 558 iambicam
804 513 954 559 scaenam
978 492 1088 577 eliquc
1112 515 1189 560 casu
1212 493 1253 559 ir·
1303 572 1308 580 Ι

109 600 248 686 repserit
271 621 310 664 ex
332 598 498 664 trochaice
521 599 568 683 ΙΙ,
591 601 621 684 2,
644 600 700 665 nbi
723 622 816 665 suam
840 600 904 666 sibi
928 600 1036 666 sedem
1059 604 1135 685 post
1158 623 1186 665 v.
1210 601 1254 666 65

111 706 262 772 vindicat
288 704 365 772 Non
384 709 435 771 est
453 710 560 772 autem
579 707 685 795 magis
703 708 833 793 mirum,
856 709 1011 774 vitiosum
1029 713 1123 788 intro,
1147 731 1254 793 qnam,

110 813 195 901 quod
218 835 284 884 non
307 834 377 879 esse
400 813 554 887 vitiosum
573 815 723 900 vidimus,
742 820 926 901 correptum
944 817 1033 895 inter,
1057 838 1155 902 saepe
1174 814 1253 880 solis

110 923 161 987 vel
184 921 327 987 librariis
351 920 402 985 vel
425 920 603 988 editoribus
623 922 743 1007 deberi,
765 946 832 989 non
849 927 974 1008 poetae.
1003 922 1254 1008 Amphitruonis

109 1028 167 1115 IV,
190 1030 220 1113 3,
245 1032 261 1094 1
288 1028 567 1115 simplicissimum
590 1030 735 1108 omnium
759 1031 857 1096 fuerit
879 1031 941 1097 ista
963 1029 1152 1098 inseruisse:

197 1169 266 1237 V6s
290 1171 355 1237 ista
378 1171 544 1246 internos
567 1175 703 1258 pertita:
735 1196 797 1261 ego
821 1175 916 1261 siben,
939 1174 1021 1239 mihi
1043 1174 1253 1259 negotinmst.

109 1314 201 1380 Nihil
225 1315 397 1400 quiequam
420 1316 590 1384 molestiae
613 1314 818 1383 Cistellariae
841 1317 867 1404 Ι,
893 1320 920 1403 1,
944 1318 988 1384 53
1012 1321 1110 1400 creet,
1132 1321 1253 1383 temere

110 1426 256 1488 tentatus
280 1445 300 1488 a
323 1423 459 1491 Bothio:

196 1565 357 1649 Equidem
379 1565 487 1632 hercle
512 1566 626 1631 addam
646 1590 778 1652 operam
798 1568 920 1634 se‘dulo.
944 1569 1000 1634 sed
1018 1567 1095 1655 qnid
1114 1573 1150 1635 tu
1169 1570 1255 1635 inter

961 1676 1063 1742 istaec
1086 1678 1201 1742 uerba:

107 1802 167 1846 nec
190 1781 264 1865 plus
288 1781 478 1848 offensionis
501 1781 601 1848 habet
623 1783 722 1849 Poen.
745 1783 771 1868 1,
794 1784 824 1868 2,
848 1785 905 1849 53:

196 1922 338 1988 Tdrbast
364 1946 449 1990 nunc
478 1925 562 2010 epnd
591 1927 697 1991 aram:
730 1948 772 1990 an
799 1926 860 1991 tibi
887 1926 937 1991 uis
966 1923 1052 1992 inter
1074 1927 1155 1992 istas
1179 1948 1253 1991 uor-

960 2056 1075 2101 saner:

109 2137 227 2225 quibus
266 2139 412 2205 versibus
451 2138 582 2206 fuemnt
618 2140 675 2225 qui
712 2141 793 2207 satis
829 2141 938 2227 inepte
975 2141 1016 2207 ed
1051 2142 1253 2226 probandam

107 2251 189 2312 inter
212 2268 395 2314 mensuram
418 2250 595 2331 uterentur,
617 2247 759 2332 ineptius
783 2247 882 2314 etism
906 2248 939 2313 in
963 2248 1118 2315 auxilinm
1139 2252 1253 2314 roceto

108 2351 202 2439 Capt.
224 2353 284 2439 ΙΙΙ,
307 2356 337 2440 5,
362 2355 419 2420 19:

196 2495 286 2563 Inter
308 2499 367 2564 uos
390 2497 646 2585 permutauistis.
692 2498 810 2565 Fateor
835 2499 954 2584 omnia,

108 2640 164 2705 nbi
181 2643 385 2723 permutatus
406 2663 448 2708 ne
472 2643 590 2728 egebat
612 2642 751 2728 quidem,
774 2665 872 2730 quem
894 2643 1003 2728 habet,
1027 2643 1156 2710 Veteris
1180 2666 1253 2711 aue-

108 2748 253 2815 toritate.
299 2746 362 2815 Sed
384 2749 512 2836 Epidici
536 2749 578 2836 ΙΙ,
593 2751 623 2838 2,
637 2751 681 2816 55
705 2750 752 2817 sic
775 2750 973 2832 scribendus,
997 2773 1035 2816 ex
1057 2752 1151 2836 perte
1175 2748 1254 2814 duee

108 2855 343 2921 Ambrosiano:

196 2991 287 3066 Ddae
305 3000 354 3066 sie
375 3005 452 3085 post
470 3021 521 3066 me
539 2998 682 3066 fabulari
705 3000 791 3065 inter
813 3023 863 3067 ee:
887 3021 946 3082 ego
970 2997 1116 3066 abscessi
1132 3000 1254 3085 nolens,

107 3163 174 3208 non
198 3143 280 3207 inter
301 3163 372 3209 sese.
413 3141 528 3207 Mssitis
550 3142 592 3226 ΙΙ,
607 3144 637 3228 2,
653 3143 695 3208 70
718 3143 897 3211 delirarunt
919 3144 974 3229 qui
998 3143 1036 3207 dc
1059 3142 1253 3209 tntirclodito

110 3250 307 3336 cogitarunt.
344 3248 536 3315 Mercatoris
559 3248 619 3334 ΙΠ,
645 3253 672 3334 1,
695 3250 738 3316 38
762 3251 824 3315 etsi
846 3272 961 3335 perse
985 3251 1055 3316 sine
1079 3251 1253 3317 offensione.
1369 3344 1370 3347 Ἴ

108 3361 159 3422 est
181 3357 268 3443 qnod
291 3356 409 3422 editur:

194 3501 240 3566 Et
258 3501 347 3565 inter
369 3520 429 3564 nos
454 3499 706 3585 eoniurduimus,
729 3521 790 3586 ego
814 3503 887 3566 erim
911 3499 967 3566 illo
992 3504 1025 3566 et
1043 3501 1098 3566 ille
1118 3502 1254 3586 mecum,

105 3647 230 3727 tamen,
262 3642 291 3707 si
322 3642 582 3729 transponendos
611 3665 681 3708 esse
713 3627 824 3709 verens
854 3649 939 3709 reete
969 3643 1051 3709 vidit
1074 3642 1359 3727 Acidalius‚oxxx1

106 3772 237 3816 necesse
267 3753 318 3816 est
347 3749 455 3815 exulet
482 3750 523 3815 ab
547 3749 642 3815 initio
665 3750 718 3815 Et.
764 3748 917 3816 Pseuduli
941 3750 967 3836 1,
990 3752 1020 3837 5,
1046 3752 1108 3818 129
1126 3774 1172 3837 sq.
1196 3752 1250 3836 qui

106 3858 296 3943 vulgantur:

197 3999 231 4065 si
256 4003 366 4067 erimus
390 4001 549 4086 compecti
574 4004 631 4066 sed
655 4003 826 4069 consilium
851 4025 1004 4089 umquam
1028 4001 1162 4069 iniimus

194 4105 243 4171 De
271 4107 353 4173 istac
380 4130 414 4173 re
442 4113 499 4173 aut
528 4107 556 4172 si
584 4107 622 4172 de
651 4131 921 4194 eareumquam
946 4111 1115 4174 internos
1139 4131 1253 4174 conne-

958 4239 1082 4281 nimus:

106 4378 217 4421 eorum
242 4357 379 4423 alterum
404 4359 614 4426 manifestum
637 4362 727 4423 este
751 4359 848 4424 meris
872 4359 1168 4444 interpretamentis
1192 4359 1250 4424 mi-

107 4463 240 4528 serrime
264 4469 434 4532 consutum
457 4488 540 4533 esse:
564 4489 640 4531 narn
664 4470 697 4531 et
715 4466 842 4532 numeri
860 4466 1068 4554 refragantur
1087 4471 1120 4532 et
1139 4466 1252 4553 lingua
