2986 5010
274 308 340 372 402
562 324 822 375 euonueonuna
846 325 894 372 na
918 325 1129 374 anmomuvs

365 465 400 533 Si
423 468 478 553 qui
502 469 543 533 ed
566 489 640 534 eum
664 467 910 551 adueniant‚1it
934 468 997 533 sibi
1020 467 1132 532 datum
1155 469 1226 532 e'sse
1250 471 1421 552 argentum

957 572 1044 640 dicat

363 681 428 747 Pro
448 681 596 764 fidetium:
621 679 752 768 argenti
772 682 878 747 minas
902 703 936 746 se
959 681 1079 747 habere
1102 680 1352 768 quinquaginta.

363 788 490 873 Quippe
519 790 580 873 ego
608 790 664 873 qui
689 788 924 854 nudiustertius
953 790 1029 854 :imm
1053 787 1197 855 omnibus
1225 789 1423 854 dinumeratus?

186 922 271 964 onvn
361 896 424 962 Pro
447 896 506 960 ills
528 899 585 959 tua
609 896 721 975 amica,
743 895 838 978 quim
854 901 947 979 puter
968 917 1059 962 mam
1079 896 1186 977 filiam
1209 916 1272 962 csse
1294 897 1389 961 νέων.

272 1004 406 1069 Poenuli
436 1004 545 1067 autem
568 999 607 1087 V,
630 1003 664 1081 4,
693 1003 736 1071 90
764 1024 840 1068 non·
860 1025 930 1069 esse
958 1025 1070 1069 sanam
1098 1004 1183 1069 hane
1211 1004 1422 1089 scripturam:

859 1110 949 1176 salue
971 1108 1135 1194 insperate
1158 1111 1265 1194 nobis,

264 1297 266 1303 ἲ
360 1219 473 1284 Pater:
498 1218 529 1281 te‘
553 1217 722 1302 complecti
746 1219 806 1281 nos
831 1217 913 1282 sine:
1004 1248 1011 1261 ·

271 1326 383 1411 colligi
410 1324 485 1389 hinc
512 1327 654 1410 poterat,
683 1323 768 1409 quod
797 1324 832 1389 in
854 1324 1011 1390 Palatinis
1035 1346 1101 1392 non
1125 1328 1175 1389 est
1204 1327 1420 1413 tecoinpleeti‚

272 1433 327 1498 sed
350 1432 525 1515 ecooepleeti.
573 1430 666 1496 Vnde
690 1431 872 1497 certissima
894 1431 1048 1497 haec'est
1071 1431 1271 1498 emendatio:

857 1539 946 1605 salue
969 1537 1132 1624 insperate
1155 1540 1262 1625 nobis,

360 1647 466 1732 Pater,
489 1647 521 1711 et
544 1645 717 1730 complecti
739 1648 798 1711 nos
823 1646 901 1712 sine.

271 1769 352 1837 Tam
371 1770 496 1837 incerta
515 1777 624 1838 autem
638 1769 730 1838 Cure.
744 1770 785 1856 V,
803 1773 834 1856 2,
853 1772 875 1837 ὃ
894 1776 926 1837 et
944 1772 1106 1857 scriptura
1125 1775 1175 1837 est
1195 1777 1229 1839 et
1249 1778 1418 1861 sententia,

269 1881 328 1946 tali
357 1881 504 1966 exemplo
533 1886 570 1946 ut
597 1881 752 1966 probetur
779 1881 874 1946 nihil:
903 1881 959 1946 ubi
987 1903 1182 1966 quamquam
1211 1903 1252 1946 ne
1281 1881 1418 1948 Bothius

270 1988 399 2073 quidem
423 1989 509 2054 credi
531 1992 643 2073 potest
670 2010 782 2053 verum
810 2011 881 2054 esse
911 1991 1090 2071 assecutus,
1118 1988 1173 2072 qui
1200 1987 1283 2055 haee
1310 1990 1418 2073 posuit

269 2096 304 2160 in
336 2096 423 2161 exitu
455 2096 640 2181 septenarii:
667 2096 759 2178 putor
790 2097 857 2162 eius
888 2095 1015 2185 recessim
1046 2094 1136 2179 oliti,
1169 2098 1282 2161 tamen
1316 2097 1416 2161 multo

269 2203 431 2288 ineptiora
459 2208 536 2267 sunt
564 2225 646 2288 quae
674 2203 862 2288 vulgantur:
889 2208 982 2285 pater
1009 2207 1079 2268 tuas
1106 2223 1235 2268 rursum
1263 2203 1334 2284 tibi,
1361 2226 1417 2288 pro

269 2331 333 2394 quo
361 2309 396 2373 in
422 2309 456 2374 B
483 2313 533 2374 est
555 2315 647 2392 puter
673 2332 713 2374 uo
740 2309 774 2390 if
797 2310 894 2392 risum
922 2309 984 2375 tibi.
1035 2308 1085 2375 Ne
1114 2332 1133 2374 a
1161 2309 1256 2374 libris
1287 2309 1416 2394 quidem

269 2416 336 2480 ulla
359 2414 438 2480 fides
461 2416 535 2481 huic
559 2416 765 2483 collocationi
788 2417 960 2483 verborum
991 2419 1042 2483 cst
1068 2416 1103 2480 in
1126 2414 1219 2501 Oapt
1238 2414 1279 2500 V,
1309 2418 1346 2500 4,
1376 2417 1418 2481 26

269 2523 474 2609 mmmm

357 2630 458 2709 Quasi
480 2652 539 2716 per
561 2632 712 2696 nebulam
734 2629 916 2716 Hegionem
938 2623 1065 2715 pitrem
1089 2652 1196 2696 meum
1221 2630 1383 2697 uocirier:

356 2737 468 2822 Neque
483 2738 538 2803 ubi
553 2761 665 2804 amans
684 2738 873 2805 adulescens
893 2742 1034 2803 scortum
1053 2735 1171 2804 liberet
1189 2738 1277 2804 clam
1290 2728 1418 2823 pitrem

907 2868 1015 2911 suum:

266 2971 323 3036 ubi
346 2971 379 3035 id
402 2970 518 3054 ipsum,
541 2970 628 3055 quod
651 2972 796 3055 postulat
818 2970 903 3036 ratio
927 2974 962 3035 et
979 2970 1093 3054 reponi
1111 2973 1211 3036 etiam
1231 2971 1303 3037 aine
1323 2972 1417 3038 libris

266 3078 409 3162 iubebat,
432 3076 534 3142 Vetus
553 3081 708 3143 testatur:
731 3100 832 3143 meum
849 3083 974 3161 petrem
993 3082 1026 3143 et
1043 3098 1134 3144 suum
1154 3083 1287 3161 putrem
1322 3078 1418 3143 Deni-

266 3206 327 3269 que
351 3183 439 3249 Trin.
462 3184 529 3248 372
552 3206 618 3250 non
642 3188 728 3250 recte
752 3185 798 3250 sio
821 3185 1045 3250 dimetiuntur:

354 3289 404 3354 Εό
437 3295 529 3373 pater
564 3291 619 3375 pol
655 3312 716 3377 ego
751 3292 848 3357 istim
881 3293 957 3357 uolo
990 3314 1041 3356 me
1073 3292 1235 3358 ritionem
1271 3294 1416 3360 edoceis

905 3399 1010 3484 Licet,

264 3505 355 3570 cuius
378 3502 505 3570 numeri
528 3503 563 3568 hi
587 3504 653 3569 sint
676 3505 799 3589 potius:

353 3609 404 3713 Flo
427 3650 520 3732 pater
543 3649 597 3732 pol
621 3650 682 3734 ego
705 3649 803 3713 istam
827 3650 903 3714 udlo
928 3672 978 3759 me
1001 3670 1024 3715 e.
1047 3671 1075 3732 q.
1097 3671 1121 3715 ε.

264 3773 354 3839 Haec
372 3773 473 3858 igitur
492 3774 638 3857 exempla
656 3774 746 3838 nulla
764 3777 847 3838 sunt.
879 3773 1008 3839 Incerta
1026 3775 1091 3839 tria
1108 3773 1220 3859 habes,
1239 3777 1288 3841 ita
1306 3784 1415 3844 autem

158 3884 453 3965 eumueomparata
476 3879 617 3965 singula,
645 3883 770 3946 utnon
793 3904 892 3946 uuum
915 3882 1103 3964 admittant,
1128 3881 1186 3945 sed
1209 3883 1324 3966 plures
1349 3907 1413 3951 cor·

263 3988 390 4073 ligendi
416 3985 529 4052 modos
557 3988 654 4071 longe
682 3987 873 4053 facillimos:
901 3988 997 4054 Most.
1019 3988 1061 4072 II,
1087 3992 1114 4072 1,
1136 3989 1178 4053 31
1217 3988 1413 4058 Trinummi·

264 4118 326 4181 que
350 4095 415 4160 316
439 4099 472 4159 et
495 4095 573 4160 361:

352 4217 436 4296 Quid
464 4240 525 4305 ego
553 4219 673 4305 agam?
701 4203 794 4304 patei·
823 4220 890 4284 iam
919 4218 973 4285 hio
1003 4243 1054 4285 me
1085 4219 1227 4286 offendet
1257 4220 1412 4290 miserum

903 4326 1079 4394 adueniens
1102 4327 1239 4394 ebrium.

352 4429 402 4498 Ne
425 4434 486 4500 tibi
510 4434 755 4521 aegritudinem,
778 4438 880 4522 pater,
903 4435 1047 4519 pirenem
1072 4434 1159 4519 parsi
1182 4435 1309 4504 sedulo.
