<?xml version="1.0" encoding="UTF-8"?>
<!DOCTYPE html PUBLIC "-//W3C//DTD XHTML 1.0 Transitional//EN"
    "http://www.w3.org/TR/xhtml1/DTD/xhtml1-transitional.dtd">
<html xmlns="http://www.w3.org/1999/xhtml" xml:lang="en" lang="en">
 <head>
  <title>
</title>
<meta http-equiv="Content-Type" content="text/html;charset=utf-8" />
  <meta name='ocr-system' content='tesseract 3.04.00' />
  <meta name='ocr-capabilities' content='ocr_page ocr_carea ocr_par ocr_line ocrx_word'/>
</head>
<body>
  <div class='ocr_page' id='page_1' title='image "./fridericiritsch05wachgoog_0437.png"; bbox 0 0 2986 5010; ppageno 0'>
   <div class='ocr_carea' id='block_1_1' title="bbox 237 339 1197 407">
    <p class='ocr_par' dir='ltr' id='par_1_1' title="bbox 237 339 1197 407">
     <span class='ocr_line' id='line_1_1' title="bbox 237 339 1197 407; baseline -0.001 -2"><span class='ocrx_word' id='word_1_1' title='bbox 237 339 304 407; x_wconf 76' lang='lat'>420</span> <span class='ocrx_word' id='word_1_2' title='bbox 527 357 787 406; x_wconf 76' lang='lat' dir='ltr'>raouaeousuu</span> <span class='ocrx_word' id='word_1_3' title='bbox 812 355 857 404; x_wconf 83' lang='lat' dir='ltr'>ne</span> <span class='ocrx_word' id='word_1_4' title='bbox 882 355 1096 405; x_wconf 71' lang='lat' dir='ltr'>uarrouravs</span> <span class='ocrx_word' id='word_1_5' title='bbox 1194 389 1197 395; x_wconf 87' lang='lat'>.</span> 
     </span>
    </p>
   </div>
   <div class='ocr_carea' id='block_1_2' title="bbox 238 501 1389 784">
    <p class='ocr_par' dir='ltr' id='par_1_2' title="bbox 238 501 1389 784">
     <span class='ocr_line' id='line_1_2' title="bbox 238 501 1388 587; baseline -0.005 -18"><span class='ocrx_word' id='word_1_6' title='bbox 238 504 279 569; x_wconf 84' lang='lat' dir='ltr'>E.</span> <span class='ocrx_word' id='word_1_7' title='bbox 297 505 400 568; x_wconf 69' lang='lat' dir='ltr'>rcrinor</span> <span class='ocrx_word' id='word_1_8' title='bbox 418 503 448 567; x_wconf 93' lang='lat' dir='ltr'>h.</span> <span class='ocrx_word' id='word_1_9' title='bbox 470 525 495 568; x_wconf 91' lang='lat' dir='ltr'>e.</span> <span class='ocrx_word' id='word_1_10' title='bbox 515 504 625 568; x_wconf 79' lang='lat' dir='ltr'>Minor</span> <span class='ocrx_word' id='word_1_11' title='bbox 644 508 677 569; x_wconf 94' lang='lat' dir='ltr'>et</span> <span class='ocrx_word' id='word_1_12' title='bbox 694 503 866 569; x_wconf 68' lang='lat' dir='ltr'>Eranam</span> <span class='ocrx_word' id='word_1_13' title='bbox 884 526 1042 587; x_wconf 88' lang='lat' dir='ltr'>personae</span> <span class='ocrx_word' id='word_1_14' title='bbox 1061 507 1140 567; x_wconf 88' lang='lat' dir='ltr'>nota</span> <span class='ocrx_word' id='word_1_15' title='bbox 1158 505 1280 566; x_wconf 89' lang='lat' dir='ltr'>ortum:</span> <span class='ocrx_word' id='word_1_16' title='bbox 1304 501 1388 565; x_wconf 89' lang='lat' dir='ltr'>unde</span> 
     </span>
     <span class='ocr_line' id='line_1_3' title="bbox 238 608 1389 696; baseline -0.003 -21"><span class='ocrx_word' id='word_1_17' title='bbox 238 612 333 676; x_wconf 90' lang='lat' dir='ltr'>unius</span> <span class='ocrx_word' id='word_1_18' title='bbox 362 611 506 696; x_wconf 81' lang='lat' dir='ltr'>syllabae</span> <span class='ocrx_word' id='word_1_19' title='bbox 535 612 713 677; x_wconf 84' lang='lat' dir='ltr'>adiectione</span> <span class='ocrx_word' id='word_1_20' title='bbox 742 614 788 677; x_wconf 89' lang='lat' dir='ltr'>sic</span> <span class='ocrx_word' id='word_1_21' title='bbox 816 617 905 677; x_wconf 88' lang='lat' dir='ltr'>totus</span> <span class='ocrx_word' id='word_1_22' title='bbox 934 634 1046 678; x_wconf 89' lang='lat' dir='ltr'>versus</span> <span class='ocrx_word' id='word_1_23' title='bbox 1076 610 1260 695; x_wconf 75' lang='lat' dir='ltr'>integritati</span> <span class='ocrx_word' id='word_1_24' title='bbox 1293 608 1389 673; x_wconf 90' lang='lat' dir='ltr'>resti·</span> 
     </span>
     <span class='ocr_line' id='line_1_4' title="bbox 238 719 391 784; baseline 0 -2"><span class='ocrx_word' id='word_1_25' title='bbox 238 719 391 784; x_wconf 90' lang='lat' dir='ltr'>tuendus:</span> 
     </span>
    </p>
   </div>
   <div class='ocr_carea' id='block_1_3' title="bbox 325 861 1386 949">
    <p class='ocr_par' dir='ltr' id='par_1_3' title="bbox 325 861 1386 949">
     <span class='ocr_line' id='line_1_5' title="bbox 325 861 1386 949; baseline -0.002 -23"><span class='ocrx_word' id='word_1_26' title='bbox 325 861 432 927; x_wconf 86' lang='lat' dir='ltr'>Minor</span> <span class='ocrx_word' id='word_1_27' title='bbox 455 864 710 948; x_wconf 80' lang='lat' dir='ltr'>intermindrque</span> <span class='ocrx_word' id='word_1_28' title='bbox 734 886 774 929; x_wconf 91' lang='lat' dir='ltr'>ne</span> <span class='ocrx_word' id='word_1_29' title='bbox 797 864 870 948; x_wconf 92' lang='lat' dir='ltr'>quis</span> <span class='ocrx_word' id='word_1_30' title='bbox 894 867 979 928; x_wconf 81' lang='lat' dir='ltr'>minc</span> <span class='ocrx_word' id='word_1_31' title='bbox 1004 863 1048 927; x_wconf 91' lang='lat' dir='ltr'>mi</span> <span class='ocrx_word' id='word_1_32' title='bbox 1068 862 1233 949; x_wconf 72' lang='lat' dir='ltr'><strong>opstiterit</strong></span> <span class='ocrx_word' id='word_1_33' title='bbox 1253 861 1386 925; x_wconf 76' lang='lat' dir='ltr'>obuiam</span> 
     </span>
    </p>
   </div>
   <div class='ocr_carea' id='block_1_4' title="bbox 237 1005 1389 1198">
    <p class='ocr_par' dir='ltr' id='par_1_4' title="bbox 237 1005 1389 1198">
     <span class='ocr_line' id='line_1_6' title="bbox 238 1005 1389 1091; baseline -0.001 -23"><span class='ocrx_word' id='word_1_34' title='bbox 238 1005 288 1069; x_wconf 90' lang='lat' dir='ltr'>vel</span> <span class='ocrx_word' id='word_1_35' title='bbox 316 1007 398 1071; x_wconf 71' lang='lat' dir='ltr'>celibi</span> <span class='ocrx_word' id='word_1_36' title='bbox 425 1009 490 1070; x_wconf 77' lang='lat' dir='ltr'>icoc</span> <span class='ocrx_word' id='word_1_37' title='bbox 518 1008 667 1071; x_wconf 81' lang='lat' dir='ltr'>obstiterit</span> <span class='ocrx_word' id='word_1_38' title='bbox 692 1008 829 1071; x_wconf 77' lang='lat' dir='ltr'>obolum.</span> <span class='ocrx_word' id='word_1_39' title='bbox 876 1006 945 1071; x_wconf 90' lang='lat' dir='ltr'>Nec</span> <span class='ocrx_word' id='word_1_40' title='bbox 974 1005 1120 1091; x_wconf 89' lang='lat' dir='ltr'>profecto</span> <span class='ocrx_word' id='word_1_41' title='bbox 1153 1005 1234 1069; x_wconf 91' lang='lat' dir='ltr'>satis</span> <span class='ocrx_word' id='word_1_42' title='bbox 1264 1007 1389 1068; x_wconf 89' lang='lat' dir='ltr'>certum</span> 
     </span>
     <span class='ocr_line' id='line_1_7' title="bbox 237 1112 1019 1198; baseline 0 -22"><span class='ocrx_word' id='word_1_43' title='bbox 237 1112 301 1177; x_wconf 93' lang='lat' dir='ltr'>dici</span> <span class='ocrx_word' id='word_1_44' title='bbox 325 1113 497 1178; x_wconf 82' lang='lat' dir='ltr'>Asinariae</span> <span class='ocrx_word' id='word_1_45' title='bbox 522 1115 705 1198; x_wconf 88' lang='lat' dir='ltr'>exemplum</span> <span class='ocrx_word' id='word_1_46' title='bbox 728 1118 838 1198; x_wconf 88' lang='lat' dir='ltr'>potest</span> <span class='ocrx_word' id='word_1_47' title='bbox 861 1113 885 1197; x_wconf 95' lang='lat' dir='ltr'>I,</span> <span class='ocrx_word' id='word_1_48' title='bbox 911 1117 938 1198; x_wconf 86' lang='lat'>1,</span> <span class='ocrx_word' id='word_1_49' title='bbox 961 1115 1019 1179; x_wconf 84' lang='lat'>48:</span> 
     </span>
    </p>
   </div>
   <div class='ocr_carea' id='block_1_5' title="bbox 104 1253 1275 1342">
    <p class='ocr_par' dir='ltr' id='par_1_5' title="bbox 104 1253 1275 1342">
     <span class='ocr_line' id='line_1_8' title="bbox 104 1253 1275 1342; baseline -0.001 -23"><span class='ocrx_word' id='word_1_50' title='bbox 104 1270 224 1311; x_wconf 68' lang='lat' dir='ltr'>cum</span> <span class='ocrx_word' id='word_1_51' title='bbox 327 1253 447 1320; x_wconf 80' lang='lat' dir='ltr'>Fateor</span> <span class='ocrx_word' id='word_1_52' title='bbox 470 1278 540 1321; x_wconf 90' lang='lat' dir='ltr'>eam</span> <span class='ocrx_word' id='word_1_53' title='bbox 565 1279 634 1322; x_wconf 88' lang='lat' dir='ltr'>esse</span> <span class='ocrx_word' id='word_1_54' title='bbox 658 1259 879 1341; x_wconf 78' lang='lat' dir='ltr'>importunam</span> <span class='ocrx_word' id='word_1_55' title='bbox 903 1260 999 1342; x_wconf 87' lang='lat' dir='ltr'>utque</span> <span class='ocrx_word' id='word_1_56' title='bbox 1022 1255 1275 1320; x_wconf 86' lang='lat' dir='ltr'>incommodam:</span> 
     </span>
    </p>
   </div>
   <div class='ocr_carea' id='block_1_6' title="bbox 235 1398 1392 3196">
    <p class='ocr_par' dir='ltr' id='par_1_6' title="bbox 235 1398 1392 3196">
     <span class='ocr_line' id='line_1_9' title="bbox 236 1398 1385 1484; baseline 0 -24"><span class='ocrx_word' id='word_1_57' title='bbox 236 1399 304 1461; x_wconf 90' lang='lat' dir='ltr'>sive</span> <span class='ocrx_word' id='word_1_58' title='bbox 332 1400 418 1464; x_wconf 87' lang='lat' dir='ltr'>enim</span> <span class='ocrx_word' id='word_1_59' title='bbox 447 1404 491 1464; x_wconf 80' lang='lat' dir='ltr'>rui</span> <span class='ocrx_word' id='word_1_60' title='bbox 518 1402 568 1467; x_wconf 91' lang='lat' dir='ltr'>vel</span> <span class='ocrx_word' id='word_1_61' title='bbox 598 1406 675 1484; x_wconf 91' lang='lat' dir='ltr'>post</span> <span class='ocrx_word' id='word_1_62' title='bbox 701 1423 769 1465; x_wconf 79' lang='lat' dir='ltr'>eum</span> <span class='ocrx_word' id='word_1_63' title='bbox 792 1400 843 1464; x_wconf 91' lang='lat' dir='ltr'>vel</span> <span class='ocrx_word' id='word_1_64' title='bbox 867 1403 942 1483; x_wconf 91' lang='lat' dir='ltr'>post</span> <span class='ocrx_word' id='word_1_65' title='bbox 965 1401 1176 1480; x_wconf 82' lang='lat' dir='ltr'>importunum</span> <span class='ocrx_word' id='word_1_66' title='bbox 1199 1398 1385 1477; x_wconf 85' lang='lat' dir='ltr'>inserueris,</span> 
     </span>
     <span class='ocr_line' id='line_1_10' title="bbox 236 1504 1387 1593; baseline -0.002 -23"><span class='ocrx_word' id='word_1_67' title='bbox 236 1507 305 1572; x_wconf 89' lang='lat' dir='ltr'>sive</span> <span class='ocrx_word' id='word_1_68' title='bbox 327 1529 378 1591; x_wconf 77' lang='lat' dir='ltr'>epo</span> <span class='ocrx_word' id='word_1_69' title='bbox 401 1514 477 1592; x_wconf 89' lang='lat' dir='ltr'>post</span> <span class='ocrx_word' id='word_1_70' title='bbox 497 1509 605 1593; x_wconf 75' lang='lat' dir='ltr'>fateor,</span> <span class='ocrx_word' id='word_1_71' title='bbox 635 1531 700 1573; x_wconf 92' lang='lat' dir='ltr'>non</span> <span class='ocrx_word' id='word_1_72' title='bbox 725 1509 940 1572; x_wconf 89' lang='lat' dir='ltr'>reiectaneum</span> <span class='ocrx_word' id='word_1_73' title='bbox 964 1506 1006 1571; x_wconf 91' lang='lat' dir='ltr'>ab</span> <span class='ocrx_word' id='word_1_74' title='bbox 1030 1504 1124 1569; x_wconf 91' lang='lat' dir='ltr'>initio</span> <span class='ocrx_word' id='word_1_75' title='bbox 1148 1504 1387 1589; x_wconf 88' lang='lat' dir='ltr'>proceleusma-</span> 
     </span>
     <span class='ocr_line' id='line_1_11' title="bbox 236 1612 1388 1695; baseline -0.003 -19"><span class='ocrx_word' id='word_1_76' title='bbox 236 1613 336 1677; x_wconf 82' lang='lat' dir='ltr'>ticum</span> <span class='ocrx_word' id='word_1_77' title='bbox 355 1614 501 1693; x_wconf 77' lang='lat' dir='ltr'>habebis,</span> <span class='ocrx_word' id='word_1_78' title='bbox 526 1616 594 1680; x_wconf 92' lang='lat' dir='ltr'>sive</span> <span class='ocrx_word' id='word_1_79' title='bbox 613 1618 657 1679; x_wconf 81' lang='lat' dir='ltr'>rui</span> <span class='ocrx_word' id='word_1_80' title='bbox 676 1618 751 1680; x_wconf 90' lang='lat' dir='ltr'>ante</span> <span class='ocrx_word' id='word_1_81' title='bbox 770 1637 838 1678; x_wconf 76' lang='lat' dir='ltr'>euru</span> <span class='ocrx_word' id='word_1_82' title='bbox 858 1612 1026 1694; x_wconf 82' lang='lat' dir='ltr'>addideris,</span> <span class='ocrx_word' id='word_1_83' title='bbox 1049 1633 1233 1677; x_wconf 90' lang='lat' dir='ltr'>mensuram</span> <span class='ocrx_word' id='word_1_84' title='bbox 1253 1632 1388 1695; x_wconf 90' lang='lat' dir='ltr'>prorsus</span> 
     </span>
     <span class='ocr_line' id='line_1_12' title="bbox 235 1718 1390 1806; baseline -0.001 -23"><span class='ocrx_word' id='word_1_85' title='bbox 235 1719 460 1805; x_wconf 74' lang='lat' dir='ltr'>legitimam.*l</span> <span class='ocrx_word' id='word_1_86' title='bbox 499 1722 576 1786; x_wconf 89' lang='lat' dir='ltr'>Plus</span> <span class='ocrx_word' id='word_1_87' title='bbox 601 1722 744 1806; x_wconf 89' lang='lat' dir='ltr'>scrupuli</span> <span class='ocrx_word' id='word_1_88' title='bbox 768 1722 873 1786; x_wconf 87' lang='lat' dir='ltr'>fateor</span> <span class='ocrx_word' id='word_1_89' title='bbox 891 1719 1101 1804; x_wconf 80' lang='lat' dir='ltr'>Captivorum</span> <span class='ocrx_word' id='word_1_90' title='bbox 1125 1740 1256 1782; x_wconf 91' lang='lat' dir='ltr'>versum</span> <span class='ocrx_word' id='word_1_91' title='bbox 1275 1718 1335 1801; x_wconf 91' lang='lat' dir='ltr'>lIl,</span> <span class='ocrx_word' id='word_1_92' title='bbox 1358 1721 1390 1799; x_wconf 84' lang='lat'>3,</span> 
     </span>
     <span class='ocr_line' id='line_1_13' title="bbox 240 1826 1389 1914; baseline 0 -24"><span class='ocrx_word' id='word_1_93' title='bbox 240 1828 279 1891; x_wconf 85' lang='lat'>15</span> <span class='ocrx_word' id='word_1_94' title='bbox 303 1828 422 1893; x_wconf 85' lang='lat' dir='ltr'>inicere</span> <span class='ocrx_word' id='word_1_95' title='bbox 446 1830 497 1894; x_wconf 90' lang='lat' dir='ltr'>his</span> <span class='ocrx_word' id='word_1_96' title='bbox 522 1831 619 1914; x_wconf 92' lang='lat' dir='ltr'>vulgo</span> <span class='ocrx_word' id='word_1_97' title='bbox 650 1830 757 1894; x_wconf 88' lang='lat' dir='ltr'>verbis</span> <span class='ocrx_word' id='word_1_98' title='bbox 785 1828 1010 1893; x_wconf 88' lang='lat' dir='ltr'>terminatum:</span> <span class='ocrx_word' id='word_1_99' title='bbox 1040 1826 1199 1890; x_wconf 77' lang='lat' dir='ltr'>radchiudr</span> <span class='ocrx_word' id='word_1_100' title='bbox 1226 1827 1389 1890; x_wconf 74' lang='lat' dir='ltr'>astutiam.</span> 
     </span>
     <span class='ocr_line' id='line_1_14' title="bbox 237 1932 1388 2021; baseline 0.002 -24"><span class='ocrx_word' id='word_1_101' title='bbox 237 1932 359 1999; x_wconf 92' lang='lat' dir='ltr'>Verum</span> <span class='ocrx_word' id='word_1_102' title='bbox 382 1937 471 2003; x_wconf 87' lang='lat' dir='ltr'>illius</span> <span class='ocrx_word' id='word_1_103' title='bbox 496 1959 632 2002; x_wconf 85' lang='lat' dir='ltr'>scaenae</span> <span class='ocrx_word' id='word_1_104' title='bbox 656 1938 776 2001; x_wconf 80' lang='lat' dir='ltr'>exitum</span> <span class='ocrx_word' id='word_1_105' title='bbox 805 1957 867 2021; x_wconf 85' lang='lat' dir='ltr'>ego</span> <span class='ocrx_word' id='word_1_106' title='bbox 897 1935 1027 2019; x_wconf 89' lang='lat' dir='ltr'>quidem</span> <span class='ocrx_word' id='word_1_107' title='bbox 1057 1955 1248 2018; x_wconf 86' lang='lat' dir='ltr'>persuasum</span> <span class='ocrx_word' id='word_1_108' title='bbox 1278 1935 1388 1999; x_wconf 90' lang='lat' dir='ltr'>habeo</span> 
     </span>
     <span class='ocr_line' id='line_1_15' title="bbox 236 2038 1388 2128; baseline 0.001 -24"><span class='ocrx_word' id='word_1_109' title='bbox 236 2041 333 2126; x_wconf 88' lang='lat' dir='ltr'>longe</span> <span class='ocrx_word' id='word_1_110' title='bbox 361 2045 565 2128; x_wconf 88' lang='lat' dir='ltr'>gravissimis</span> <span class='ocrx_word' id='word_1_111' title='bbox 595 2044 782 2109; x_wconf 88' lang='lat' dir='ltr'>vulneribus</span> <span class='ocrx_word' id='word_1_112' title='bbox 811 2043 968 2108; x_wconf 81' lang='lat' dir='ltr'>afflictum</span> <span class='ocrx_word' id='word_1_113' title='bbox 997 2063 1076 2107; x_wconf 89' lang='lat' dir='ltr'>esse.</span> <span class='ocrx_word' id='word_1_114' title='bbox 1121 2038 1189 2105; x_wconf 90' lang='lat' dir='ltr'>Nec</span> <span class='ocrx_word' id='word_1_115' title='bbox 1218 2041 1305 2104; x_wconf 89' lang='lat' dir='ltr'>enim</span> <span class='ocrx_word' id='word_1_116' title='bbox 1334 2043 1388 2105; x_wconf 92' lang='lat' dir='ltr'>vel</span> 
     </span>
     <span class='ocr_line' id='line_1_16' title="bbox 236 2147 1392 2236; baseline 0.001 -25"><span class='ocrx_word' id='word_1_117' title='bbox 236 2152 414 2215; x_wconf 84' lang='lat' dir='ltr'>sententiae</span> <span class='ocrx_word' id='word_1_118' title='bbox 438 2154 472 2217; x_wconf 91' lang='lat' dir='ltr'>in</span> <span class='ocrx_word' id='word_1_119' title='bbox 491 2154 563 2236; x_wconf 91' lang='lat' dir='ltr'>ipso</span> <span class='ocrx_word' id='word_1_120' title='bbox 582 2153 645 2217; x_wconf 92' lang='lat' dir='ltr'>fine</span> <span class='ocrx_word' id='word_1_121' title='bbox 665 2159 750 2217; x_wconf 90' lang='lat' dir='ltr'>recte</span> <span class='ocrx_word' id='word_1_122' title='bbox 770 2151 949 2236; x_wconf 86' lang='lat' dir='ltr'>procedunt</span> <span class='ocrx_word' id='word_1_123' title='bbox 966 2172 1025 2214; x_wconf 89' lang='lat' dir='ltr'>nec</span> <span class='ocrx_word' id='word_1_124' title='bbox 1046 2148 1248 2233; x_wconf 88' lang='lat' dir='ltr'>singulorum</span> <span class='ocrx_word' id='word_1_125' title='bbox 1268 2147 1392 2231; x_wconf 92' lang='lat' dir='ltr'>pedum</span> 
     </span>
     <span class='ocr_line' id='line_1_17' title="bbox 236 2241 1391 2344; baseline 0.001 -26"><span class='ocrx_word' id='word_1_126' title='bbox 236 2277 389 2321; x_wconf 89' lang='lat' dir='ltr'>mensura</span> <span class='ocrx_word' id='word_1_127' title='bbox 412 2262 550 2344; x_wconf 80' lang='lat' dir='ltr'>constat,</span> <span class='ocrx_word' id='word_1_128' title='bbox 573 2282 632 2324; x_wconf 92' lang='lat' dir='ltr'>nec</span> <span class='ocrx_word' id='word_1_129' title='bbox 655 2259 721 2324; x_wconf 95' lang='lat' dir='ltr'>ullo</span> <span class='ocrx_word' id='word_1_130' title='bbox 747 2259 842 2323; x_wconf 88' lang='lat' dir='ltr'>modo</span> <span class='ocrx_word' id='word_1_131' title='bbox 867 2241 1002 2322; x_wconf 89' lang='lat' dir='ltr'>noviciis</span> <span class='ocrx_word' id='word_1_132' title='bbox 1023 2255 1199 2319; x_wconf 90' lang='lat' dir='ltr'>editoribus</span> <span class='ocrx_word' id='word_1_133' title='bbox 1220 2254 1302 2318; x_wconf 91' lang='lat' dir='ltr'>illud</span> <span class='ocrx_word' id='word_1_134' title='bbox 1322 2277 1391 2319; x_wconf 88' lang='lat' dir='ltr'>cre·</span> 
     </span>
     <span class='ocr_line' id='line_1_18' title="bbox 236 2362 1390 2449; baseline 0.001 -24"><span class='ocrx_word' id='word_1_135' title='bbox 236 2362 375 2427; x_wconf 88' lang='lat' dir='ltr'>dandum</span> <span class='ocrx_word' id='word_1_136' title='bbox 405 2371 468 2448; x_wconf 89' lang='lat' dir='ltr'>est,</span> <span class='ocrx_word' id='word_1_137' title='bbox 496 2372 571 2449; x_wconf 90' lang='lat' dir='ltr'>post</span> <span class='ocrx_word' id='word_1_138' title='bbox 598 2366 786 2431; x_wconf 88' lang='lat' dir='ltr'>incohatum</span> <span class='ocrx_word' id='word_1_139' title='bbox 816 2384 847 2428; x_wconf 91' lang='lat' dir='ltr'>v.</span> <span class='ocrx_word' id='word_1_140' title='bbox 875 2365 914 2428; x_wconf 86' lang='lat'>10</span> <span class='ocrx_word' id='word_1_141' title='bbox 936 2364 1120 2448; x_wconf 90' lang='lat' dir='ltr'>legitimum</span> <span class='ocrx_word' id='word_1_142' title='bbox 1149 2365 1290 2425; x_wconf 91' lang='lat' dir='ltr'>metrum</span> <span class='ocrx_word' id='word_1_143' title='bbox 1319 2365 1390 2426; x_wconf 89' lang='lat' dir='ltr'>tro·</span> 
     </span>
     <span class='ocr_line' id='line_1_19' title="bbox 236 2469 1391 2555; baseline 0.001 -23"><span class='ocrx_word' id='word_1_144' title='bbox 236 2469 383 2534; x_wconf 90' lang='lat' dir='ltr'>chaicum</span> <span class='ocrx_word' id='word_1_145' title='bbox 411 2493 469 2555; x_wconf 90' lang='lat' dir='ltr'>per</span> <span class='ocrx_word' id='word_1_146' title='bbox 497 2473 617 2538; x_wconf 83' lang='lat' dir='ltr'>mixtos</span> <span class='ocrx_word' id='word_1_147' title='bbox 646 2495 663 2537; x_wconf 92' lang='lat' dir='ltr'>e</span> <span class='ocrx_word' id='word_1_148' title='bbox 691 2472 856 2537; x_wconf 87' lang='lat' dir='ltr'>trochaico</span> <span class='ocrx_word' id='word_1_149' title='bbox 885 2475 916 2534; x_wconf 87' lang='lat' dir='ltr'>et</span> <span class='ocrx_word' id='word_1_150' title='bbox 948 2469 1087 2534; x_wconf 88' lang='lat' dir='ltr'>iambico</span> <span class='ocrx_word' id='word_1_151' title='bbox 1116 2488 1233 2553; x_wconf 84' lang='lat' dir='ltr'>genere</span> <span class='ocrx_word' id='word_1_152' title='bbox 1263 2490 1391 2551; x_wconf 89' lang='lat' dir='ltr'>versus,</span> 
     </span>
     <span class='ocr_line' id='line_1_20' title="bbox 236 2576 1387 2663; baseline -0.002 -21"><span class='ocrx_word' id='word_1_153' title='bbox 236 2599 354 2661; x_wconf 89' lang='lat' dir='ltr'>eosque</span> <span class='ocrx_word' id='word_1_154' title='bbox 378 2578 457 2643; x_wconf 89' lang='lat' dir='ltr'>adeo</span> <span class='ocrx_word' id='word_1_155' title='bbox 482 2582 642 2663; x_wconf 90' lang='lat' dir='ltr'>senarios,</span> <span class='ocrx_word' id='word_1_156' title='bbox 665 2579 861 2644; x_wconf 87' lang='lat' dir='ltr'>breviculam</span> <span class='ocrx_word' id='word_1_157' title='bbox 886 2599 1036 2642; x_wconf 88' lang='lat' dir='ltr'>scaenam</span> <span class='ocrx_word' id='word_1_158' title='bbox 1059 2576 1100 2641; x_wconf 91' lang='lat' dir='ltr'>ad</span> <span class='ocrx_word' id='word_1_159' title='bbox 1128 2576 1225 2639; x_wconf 92' lang='lat' dir='ltr'>finem</span> <span class='ocrx_word' id='word_1_160' title='bbox 1248 2576 1387 2659; x_wconf 87' lang='lat' dir='ltr'>perduci</span> 
     </span>
     <span class='ocr_line' id='line_1_21' title="bbox 235 2683 1392 2770; baseline 0.002 -23"><span class='ocrx_word' id='word_1_161' title='bbox 235 2683 325 2749; x_wconf 90' lang='lat' dir='ltr'>nullo</span> <span class='ocrx_word' id='word_1_162' title='bbox 345 2686 444 2750; x_wconf 88' lang='lat' dir='ltr'>animi</span> <span class='ocrx_word' id='word_1_163' title='bbox 464 2692 599 2770; x_wconf 50' lang='lat' dir='ltr'>praeter¹</span> <span class='ocrx_word' id='word_1_164' title='bbox 611 2688 744 2751; x_wconf 92' lang='lat' dir='ltr'>solitum</span> <span class='ocrx_word' id='word_1_165' title='bbox 764 2686 918 2750; x_wconf 87' lang='lat' dir='ltr'>concitati</span> <span class='ocrx_word' id='word_1_166' title='bbox 938 2686 1053 2749; x_wconf 85' lang='lat' dir='ltr'>affectu</span> <span class='ocrx_word' id='word_1_167' title='bbox 1072 2684 1240 2747; x_wconf 85' lang='lat' dir='ltr'>variatam.</span> <span class='ocrx_word' id='word_1_168' title='bbox 1274 2683 1392 2760; x_wconf 84' lang='lat' dir='ltr'>Qualis</span> 
     </span>
     <span class='ocr_line' id='line_1_22' title="bbox 236 2789 1390 2878; baseline 0.001 -24"><span class='ocrx_word' id='word_1_169' title='bbox 236 2796 412 2856; x_wconf 87' lang='lat' dir='ltr'>metrorum</span> <span class='ocrx_word' id='word_1_170' title='bbox 435 2793 604 2877; x_wconf 92' lang='lat' dir='ltr'>discriptio</span> <span class='ocrx_word' id='word_1_171' title='bbox 630 2816 692 2878; x_wconf 93' lang='lat' dir='ltr'>quo</span> <span class='ocrx_word' id='word_1_172' title='bbox 716 2798 767 2856; x_wconf 90' lang='lat' dir='ltr'>est</span> <span class='ocrx_word' id='word_1_173' title='bbox 789 2791 993 2873; x_wconf 86' lang='lat' dir='ltr'>insolentior,</span> <span class='ocrx_word' id='word_1_174' title='bbox 1022 2812 1059 2854; x_wconf 92' lang='lat' dir='ltr'>eo</span> <span class='ocrx_word' id='word_1_175' title='bbox 1084 2789 1235 2853; x_wconf 86' lang='lat' dir='ltr'>fidentius</span> <span class='ocrx_word' id='word_1_176' title='bbox 1263 2791 1390 2875; x_wconf 89' lang='lat' dir='ltr'>aliquid</span> 
     </span>
     <span class='ocr_line' id='line_1_23' title="bbox 235 2896 1389 2985; baseline 0.001 -24"><span class='ocrx_word' id='word_1_177' title='bbox 235 2899 418 2965; x_wconf 90' lang='lat' dir='ltr'>audendum</span> <span class='ocrx_word' id='word_1_178' title='bbox 442 2904 492 2965; x_wconf 92' lang='lat' dir='ltr'>est</span> <span class='ocrx_word' id='word_1_179' title='bbox 515 2900 632 2985; x_wconf 88' lang='lat' dir='ltr'>potius,</span> <span class='ocrx_word' id='word_1_180' title='bbox 656 2922 753 2984; x_wconf 89' lang='lat' dir='ltr'>quam</span> <span class='ocrx_word' id='word_1_181' title='bbox 777 2898 1010 2963; x_wconf 88' lang='lat' dir='ltr'>defendendum</span> <span class='ocrx_word' id='word_1_182' title='bbox 1035 2896 1184 2981; x_wconf 85' lang='lat' dir='ltr'>ignavius</span> <span class='ocrx_word' id='word_1_183' title='bbox 1204 2897 1291 2979; x_wconf 90' lang='lat' dir='ltr'>quod</span> <span class='ocrx_word' id='word_1_184' title='bbox 1311 2919 1389 2979; x_wconf 93' lang='lat' dir='ltr'>pro-</span> 
     </span>
     <span class='ocr_line' id='line_1_24' title="bbox 237 3003 1389 3090; baseline 0.001 -22"><span class='ocrx_word' id='word_1_185' title='bbox 237 3004 409 3070; x_wconf 88' lang='lat' dir='ltr'>babilitate</span> <span class='ocrx_word' id='word_1_186' title='bbox 437 3012 553 3072; x_wconf 87' lang='lat' dir='ltr'>careat.</span> <span class='ocrx_word' id='word_1_187' title='bbox 599 3007 712 3090; x_wconf 89' lang='lat' dir='ltr'>Itaque</span> <span class='ocrx_word' id='word_1_188' title='bbox 743 3029 815 3070; x_wconf 91' lang='lat' dir='ltr'>cum</span> <span class='ocrx_word' id='word_1_189' title='bbox 844 3006 974 3070; x_wconf 91' lang='lat' dir='ltr'>illorum</span> <span class='ocrx_word' id='word_1_190' title='bbox 1006 3026 1155 3067; x_wconf 85' lang='lat' dir='ltr'>versuum</span> <span class='ocrx_word' id='word_1_191' title='bbox 1185 3003 1218 3066; x_wconf 89' lang='lat' dir='ltr'>in</span> <span class='ocrx_word' id='word_1_192' title='bbox 1248 3003 1283 3066; x_wconf 91' lang='lat' dir='ltr'><em>B</em></span> <span class='ocrx_word' id='word_1_193' title='bbox 1304 3003 1389 3069; x_wconf 90' lang='lat' dir='ltr'>haec</span> 
     </span>
     <span class='ocr_line' id='line_1_25' title="bbox 237 3114 442 3196; baseline 0.01 -21"><span class='ocrx_word' id='word_1_194' title='bbox 237 3114 360 3196; x_wconf 91' lang='lat' dir='ltr'>species</span> <span class='ocrx_word' id='word_1_195' title='bbox 386 3114 442 3177; x_wconf 87' lang='lat' dir='ltr'>sit:</span> 
     </span>
    </p>
   </div>
   <div class='ocr_carea' id='block_1_7' title="bbox 324 3252 1388 3662">
    <p class='ocr_par' dir='ltr' id='par_1_7' title="bbox 324 3252 1388 3447">
     <span class='ocr_line' id='line_1_26' title="bbox 324 3252 1388 3339; baseline -0.002 -21"><span class='ocrx_word' id='word_1_196' title='bbox 324 3253 436 3339; x_wconf 89' lang='lat' dir='ltr'>Neque</span> <span class='ocrx_word' id='word_1_197' title='bbox 455 3258 521 3321; x_wconf 91' lang='lat' dir='ltr'>iam</span> <span class='ocrx_word' id='word_1_198' title='bbox 541 3257 628 3322; x_wconf 90' lang='lat' dir='ltr'>salus</span> <span class='ocrx_word' id='word_1_199' title='bbox 648 3278 777 3321; x_wconf 90' lang='lat' dir='ltr'>seruare</span> <span class='ocrx_word' id='word_1_200' title='bbox 797 3257 825 3320; x_wconf 86' lang='lat' dir='ltr'>si</span> <span class='ocrx_word' id='word_1_201' title='bbox 844 3257 915 3321; x_wconf 91' lang='lat' dir='ltr'>uolt</span> <span class='ocrx_word' id='word_1_202' title='bbox 933 3277 982 3319; x_wconf 89' lang='lat' dir='ltr'>me</span> <span class='ocrx_word' id='word_1_203' title='bbox 1006 3257 1116 3338; x_wconf 89' lang='lat' dir='ltr'>potest</span> <span class='ocrx_word' id='word_1_204' title='bbox 1139 3274 1197 3316; x_wconf 90' lang='lat' dir='ltr'>nec</span> <span class='ocrx_word' id='word_1_205' title='bbox 1217 3252 1316 3338; x_wconf 90' lang='lat' dir='ltr'>copia</span> <span class='ocrx_word' id='word_1_206' title='bbox 1336 3259 1388 3318; x_wconf 88' lang='lat' dir='ltr'>est</span> 
     </span>
     <span class='ocr_line' id='line_1_27' title="bbox 325 3361 1118 3447; baseline -0.003 -20"><span class='ocrx_word' id='word_1_207' title='bbox 325 3361 398 3427; x_wconf 88' lang='lat' dir='ltr'>Nisi</span> <span class='ocrx_word' id='word_1_208' title='bbox 423 3364 450 3427; x_wconf 89' lang='lat' dir='ltr'>si</span> <span class='ocrx_word' id='word_1_209' title='bbox 475 3363 618 3447; x_wconf 90' lang='lat' dir='ltr'>aliquam</span> <span class='ocrx_word' id='word_1_210' title='bbox 642 3365 737 3428; x_wconf 91' lang='lat' dir='ltr'>corde</span> <span class='ocrx_word' id='word_1_211' title='bbox 761 3363 929 3428; x_wconf 86' lang='lat' dir='ltr'>machinor</span> <span class='ocrx_word' id='word_1_212' title='bbox 952 3362 1118 3425; x_wconf 87' lang='lat' dir='ltr'>astuciam.</span> 
     </span>
    </p>

    <p class='ocr_par' dir='ltr' id='par_1_8' title="bbox 324 3467 1387 3662">
     <span class='ocr_line' id='line_1_28' title="bbox 325 3467 1387 3555; baseline -0.004 -21"><span class='ocrx_word' id='word_1_213' title='bbox 325 3471 396 3546; x_wconf 84' lang='lat' dir='ltr'>Qua</span> <span class='ocrx_word' id='word_1_214' title='bbox 425 3471 545 3535; x_wconf 91' lang='lat' dir='ltr'>malum</span> <span class='ocrx_word' id='word_1_215' title='bbox 574 3471 650 3555; x_wconf 91' lang='lat' dir='ltr'>quid</span> <span class='ocrx_word' id='word_1_216' title='bbox 680 3470 847 3536; x_wconf 89' lang='lat' dir='ltr'>machiner</span> <span class='ocrx_word' id='word_1_217' title='bbox 874 3470 949 3554; x_wconf 93' lang='lat' dir='ltr'>quid</span> <span class='ocrx_word' id='word_1_218' title='bbox 975 3467 1201 3534; x_wconf 89' lang='lat' dir='ltr'>comminiscar</span> <span class='ocrx_word' id='word_1_219' title='bbox 1225 3468 1387 3532; x_wconf 86' lang='lat' dir='ltr'>maximas</span> 
     </span>
     <span class='ocr_line' id='line_1_29' title="bbox 324 3576 931 3662; baseline -0.002 -21"><span class='ocrx_word' id='word_1_220' title='bbox 324 3576 438 3662; x_wconf 88' lang='lat' dir='ltr'>Nugas</span> <span class='ocrx_word' id='word_1_221' title='bbox 463 3579 600 3661; x_wconf 89' lang='lat' dir='ltr'>ineptias</span> <span class='ocrx_word' id='word_1_222' title='bbox 624 3580 778 3662; x_wconf 90' lang='lat' dir='ltr'>incipisse</span> <span class='ocrx_word' id='word_1_223' title='bbox 801 3578 931 3643; x_wconf 90' lang='lat' dir='ltr'>haereo:</span> 
     </span>
    </p>
   </div>
   <div class='ocr_carea' id='block_1_8' title="bbox 236 3717 1389 4022">
    <p class='ocr_par' dir='ltr' id='par_1_9' title="bbox 236 3717 1389 4022">
     <span class='ocr_line' id='line_1_30' title="bbox 237 3717 1387 3805; baseline -0.003 -19"><span class='ocrx_word' id='word_1_224' title='bbox 237 3720 505 3805; x_wconf 90' lang='lat' dir='ltr'>quemadmodum</span> <span class='ocrx_word' id='word_1_225' title='bbox 529 3722 744 3787; x_wconf 87' lang='lat' dir='ltr'>certissimum</span> <span class='ocrx_word' id='word_1_226' title='bbox 769 3721 914 3785; x_wconf 91' lang='lat' dir='ltr'>omnium</span> <span class='ocrx_word' id='word_1_227' title='bbox 937 3725 1016 3804; x_wconf 87' lang='lat' dir='ltr'>puto</span> <span class='ocrx_word' id='word_1_228' title='bbox 1040 3719 1195 3783; x_wconf 67' lang='lat' dir='ltr'>recu-riorus</span> <span class='ocrx_word' id='word_1_229' title='bbox 1218 3721 1252 3782; x_wconf 88' lang='lat' dir='ltr'>et</span> <span class='ocrx_word' id='word_1_230' title='bbox 1274 3717 1387 3783; x_wconf 74' lang='lat' dir='ltr'>haereo</span> 
     </span>
     <span class='ocr_line' id='line_1_31' title="bbox 236 3826 1387 3913; baseline -0.002 -21"><span class='ocrx_word' id='word_1_231' title='bbox 236 3828 468 3894; x_wconf 90' lang='lat' dir='ltr'>vocabulorum</span> <span class='ocrx_word' id='word_1_232' title='bbox 492 3830 583 3894; x_wconf 89' lang='lat' dir='ltr'>sedes</span> <span class='ocrx_word' id='word_1_233' title='bbox 608 3833 809 3913; x_wconf 86' lang='lat' dir='ltr'>permutatas</span> <span class='ocrx_word' id='word_1_234' title='bbox 834 3850 913 3911; x_wconf 89' lang='lat' dir='ltr'>esse,</span> <span class='ocrx_word' id='word_1_235' title='bbox 936 3829 983 3891; x_wconf 91' lang='lat' dir='ltr'>ita</span> <span class='ocrx_word' id='word_1_236' title='bbox 1003 3827 1042 3890; x_wconf 84' lang='lat' dir='ltr'>ad</span> <span class='ocrx_word' id='word_1_237' title='bbox 1062 3826 1235 3891; x_wconf 90' lang='lat' dir='ltr'>secundum</span> <span class='ocrx_word' id='word_1_238' title='bbox 1256 3848 1387 3910; x_wconf 89' lang='lat' dir='ltr'>quoque</span> 
     </span>
     <span class='ocr_line' id='line_1_32' title="bbox 237 3931 1389 4022; baseline -0.003 -22"><span class='ocrx_word' id='word_1_239' title='bbox 237 3960 366 4002; x_wconf 91' lang='lat' dir='ltr'>versum</span> <span class='ocrx_word' id='word_1_240' title='bbox 396 3937 519 4022; x_wconf 89' lang='lat' dir='ltr'>aliquid</span> <span class='ocrx_word' id='word_1_241' title='bbox 547 3938 717 4002; x_wconf 90' lang='lat' dir='ltr'>turbarum</span> <span class='ocrx_word' id='word_1_242' title='bbox 747 3936 939 4020; x_wconf 89' lang='lat' dir='ltr'>pertinuisse</span> <span class='ocrx_word' id='word_1_243' title='bbox 962 3934 1129 4018; x_wconf 87' lang='lat' dir='ltr'>intellego.</span> <span class='ocrx_word' id='word_1_244' title='bbox 1175 3931 1259 3996; x_wconf 92' lang='lat' dir='ltr'>Vide</span> <span class='ocrx_word' id='word_1_245' title='bbox 1283 3933 1389 4018; x_wconf 88' lang='lat' dir='ltr'>igitur</span> 
     </span>
    </p>
   </div>
   <div class='ocr_carea' id='block_1_9' title="bbox 235 4066 447 4075">
    <p class='ocr_par' dir='ltr' id='par_1_10' title="bbox 235 4066 447 4075">
     <span class='ocr_line' id='line_1_33' title="bbox 235 4066 447 4075; baseline 0 -2"><span class='ocrx_word' id='word_1_246' title='bbox 235 4066 447 4075; x_wconf 60' lang='lat'>——--—-.---</span> 
     </span>
    </p>
   </div>
   <div class='ocr_carea' id='block_1_10' title="bbox 235 4108 1456 4448">
    <p class='ocr_par' dir='ltr' id='par_1_11' title="bbox 235 4108 1456 4352">
     <span class='ocr_line' id='line_1_34' title="bbox 236 4108 1389 4184; baseline -0.005 -16"><span class='ocrx_word' id='word_1_247' title='bbox 236 4132 321 4183; x_wconf 90' lang='lat' dir='ltr'>quam</span> <span class='ocrx_word' id='word_1_248' title='bbox 341 4117 446 4169; x_wconf 73' lang='lat' dir='ltr'>minor</span> <span class='ocrx_word' id='word_1_249' title='bbox 465 4115 626 4184; x_wconf 84' lang='lat' dir='ltr'>suspectum</span> <span class='ocrx_word' id='word_1_250' title='bbox 644 4129 748 4169; x_wconf 90' lang='lat' dir='ltr'>nomen</span> <span class='ocrx_word' id='word_1_251' title='bbox 766 4113 896 4167; x_wconf 72' lang='lat' dir='ltr'>minotio</span> <span class='ocrx_word' id='word_1_252' title='bbox 915 4111 949 4165; x_wconf 91' lang='lat' dir='ltr'>de</span> <span class='ocrx_word' id='word_1_253' title='bbox 969 4110 1061 4164; x_wconf 88' lang='lat' dir='ltr'>medio</span> <span class='ocrx_word' id='word_1_254' title='bbox 1080 4109 1180 4164; x_wconf 91' lang='lat' dir='ltr'>tollere</span> <span class='ocrx_word' id='word_1_255' title='bbox 1200 4108 1281 4178; x_wconf 87' lang='lat' dir='ltr'>Capt.</span> <span class='ocrx_word' id='word_1_256' title='bbox 1302 4109 1389 4177; x_wconf 82' lang='lat' dir='ltr'>1v‚a‚</span> 
     </span>
     <span class='ocr_line' id='line_1_35' title="bbox 237 4198 1456 4274; baseline 0 -17"><span class='ocrx_word' id='word_1_257' title='bbox 237 4210 282 4258; x_wconf 79' lang='lat'>19:</span> <span class='ocrx_word' id='word_1_258' title='bbox 303 4204 378 4272; x_wconf 88' lang='lat' dir='ltr'>quod</span> <span class='ocrx_word' id='word_1_259' title='bbox 396 4205 451 4258; x_wconf 88' lang='lat' dir='ltr'>huc</span> <span class='ocrx_word' id='word_1_260' title='bbox 471 4203 635 4274; x_wconf 85' lang='lat' dir='ltr'>corrigendo</span> <span class='ocrx_word' id='word_1_261' title='bbox 655 4205 699 4256; x_wconf 86' lang='lat' dir='ltr'>est</span> <span class='ocrx_word' id='word_1_262' title='bbox 716 4202 836 4268; x_wconf 87' lang='lat' dir='ltr'>illatum,</span> <span class='ocrx_word' id='word_1_263' title='bbox 856 4204 1006 4271; x_wconf 87' lang='lat' dir='ltr'>postquam</span> <span class='ocrx_word' id='word_1_264' title='bbox 1026 4218 1051 4255; x_wconf 93' lang='lat' dir='ltr'>v.</span> <span class='ocrx_word' id='word_1_265' title='bbox 1069 4206 1099 4253; x_wconf 94' lang='lat'>11</span> <span class='ocrx_word' id='word_1_266' title='bbox 1120 4200 1210 4253; x_wconf 82' lang='lat' dir='ltr'>minor</span> <span class='ocrx_word' id='word_1_267' title='bbox 1229 4198 1259 4252; x_wconf 92' lang='lat' dir='ltr'>in</span> <span class='ocrx_word' id='word_1_268' title='bbox 1279 4201 1388 4253; x_wconf 74' lang='lat' dir='ltr'>emiaor</span> <span class='ocrx_word' id='word_1_269' title='bbox 1454 4254 1456 4257; x_wconf 84' lang='lat'>.</span> 
     </span>
     <span class='ocr_line' id='line_1_36' title="bbox 235 4291 1029 4352; baseline -0.001 -8"><span class='ocrx_word' id='word_1_270' title='bbox 235 4308 301 4348; x_wconf 89' lang='lat' dir='ltr'>casu</span> <span class='ocrx_word' id='word_1_271' title='bbox 320 4296 450 4352; x_wconf 82' lang='lat' dir='ltr'>verterat.</span> <span class='ocrx_word' id='word_1_272' title='bbox 488 4291 601 4347; x_wconf 80' lang='lat' dir='ltr'>Excidit</span> <span class='ocrx_word' id='word_1_273' title='bbox 618 4291 671 4346; x_wconf 91' lang='lat' dir='ltr'>nisi</span> <span class='ocrx_word' id='word_1_274' title='bbox 689 4292 774 4346; x_wconf 83' lang='lat' dir='ltr'>fallor</span> <span class='ocrx_word' id='word_1_275' title='bbox 792 4309 857 4346; x_wconf 81' lang='lat' dir='ltr'>nom</span> <span class='ocrx_word' id='word_1_276' title='bbox 876 4294 940 4344; x_wconf 88' lang='lat' dir='ltr'>ante</span> <span class='ocrx_word' id='word_1_277' title='bbox 959 4291 1029 4344; x_wconf 79' lang='lat' dir='ltr'>mia:</span> 
     </span>
    </p>

    <p class='ocr_par' dir='ltr' id='par_1_12' title="bbox 360 4377 1252 4448">
     <span class='ocr_line' id='line_1_37' title="bbox 360 4377 1252 4448; baseline -0.006 -13"><span class='ocrx_word' id='word_1_278' title='bbox 360 4382 436 4448; x_wconf 83' lang='lat' dir='ltr'>Quae</span> <span class='ocrx_word' id='word_1_279' title='bbox 455 4381 539 4437; x_wconf 88' lang='lat' dir='ltr'>illaec</span> <span class='ocrx_word' id='word_1_280' title='bbox 557 4398 622 4435; x_wconf 88' lang='lat' dir='ltr'>nam</span> <span class='ocrx_word' id='word_1_281' title='bbox 641 4381 804 4436; x_wconf 75' lang='lat' dir='ltr'>minatiost?</span> <span class='ocrx_word' id='word_1_282' title='bbox 823 4398 888 4435; x_wconf 90' lang='lat' dir='ltr'>nam</span> <span class='ocrx_word' id='word_1_283' title='bbox 907 4381 1015 4448; x_wconf 76' lang='lat' dir='ltr'>nequeo</span> <span class='ocrx_word' id='word_1_284' title='bbox 1035 4378 1130 4433; x_wconf 82' lang='lat' dir='ltr'>mirari</span> <span class='ocrx_word' id='word_1_285' title='bbox 1148 4377 1252 4448; x_wconf 57' lang='lat' dir='ltr'>satiust]</span> 
     </span>
    </p>
   </div>
   <div class='ocr_carea' id='block_1_11' title="bbox 325 4484 1324 4559">
    <p class='ocr_par' dir='ltr' id='par_1_13' title="bbox 325 4484 1324 4559">
     <span class='ocr_line' id='line_1_38' title="bbox 325 4484 1324 4559; baseline -0.005 -16"><span class='ocrx_word' id='word_1_286' title='bbox 325 4490 350 4557; x_wconf 80' lang='lat'><strong>²¹¹)</strong></span> <span class='ocrx_word' id='word_1_287' title='bbox 370 4489 425 4559; x_wconf 88' lang='lat' dir='ltr'>[‘F</span> <span class='ocrx_word' id='word_1_288' title='bbox 425 4491 517 4543; x_wconf 79' lang='lat' dir='ltr'>utebar</span> <span class='ocrx_word' id='word_1_289' title='bbox 536 4488 759 4543; x_wconf 84' lang='lat' dir='ltr'>restituendum&#39;</span> <span class='ocrx_word' id='word_1_290' title='bbox 790 4487 961 4543; x_wconf 85' lang='lat' dir='ltr'>Rilschelius</span> <span class='ocrx_word' id='word_1_291' title='bbox 979 4486 1008 4540; x_wconf 90' lang='lat' dir='ltr'>in</span> <span class='ocrx_word' id='word_1_292' title='bbox 1028 4504 1090 4541; x_wconf 90' lang='lat' dir='ltr'>ann.</span> <span class='ocrx_word' id='word_1_293' title='bbox 1110 4485 1146 4539; x_wconf 90' lang='lat' dir='ltr'>ad</span> <span class='ocrx_word' id='word_1_294' title='bbox 1166 4484 1224 4538; x_wconf 87' lang='lat' dir='ltr'>Mil.</span> <span class='ocrx_word' id='word_1_295' title='bbox 1246 4486 1324 4557; x_wconf 69' lang='lat'>564]</span> 
     </span>
    </p>
   </div>
   <div class='ocr_carea' id='block_1_12' title="bbox 0 0 1498 5010">
    <p class='ocr_par' dir='ltr' id='par_1_14' title="bbox 0 0 1498 5010">
     <span class='ocr_line' id='line_1_39' title="bbox 0 0 1498 5010; baseline 0 0"><span class='ocrx_word' id='word_1_296' title='bbox 0 0 1498 5010; x_wconf 95' lang='lat' dir='ltr'> </span> 
     </span>
    </p>
   </div>
  </div>
 </body>
</html>
