2986 5010
241 337 306 401 408
526 351 790 401 iuuauaouaua
814 353 861 400 ou
885 351 1098 401 sarroursvs

242 495 481 582 coniugationis
509 495 631 562 formas
659 518 764 562 moereo
791 518 916 563 deuncos
942 501 1129 581 ceterasque
1156 516 1318 580 personas
1341 515 1392 557 ca·

123 622 126 626 “
242 604 317 668 dere
341 604 392 668 vel
417 603 458 668 ad
481 603 554 688 ipsa
576 603 760 688 composita
782 627 802 668 a
825 605 965 689 simplici
988 605 1035 669 irc
1056 603 1156 669 verba
1178 600 1392 686 pertinuisse:

242 710 388 776 inaudita
411 713 496 776 enim
520 716 597 776 sunt
619 711 780 796 bisyllaba
802 713 874 778 abeo
896 714 1007 778 αᾱεανη
1028 713 1114 778 ineas
1136 710 1244 777 subeat
1259 712 1397 792 peream

242 821 381 885 redeunt:
410 819 679 904 quemadmodum
703 842 744 884 ne
767 841 946 905 pronomen
969 819 1100 904 quidem
1123 819 1174 884 vel
1198 815 1396 882 adverbium

243 948 276 992 co
294 926 554 1010 monosyllabam
573 927 871 1012 pronuntiationem
891 948 1044 1010 umquam
1064 924 1305 1011 incomposita
1318 924 1397 987 arico

244 1033 404 1118 particula
426 1033 576 1098 servavit.
604 1032 677 1098 Nisi
702 1032 788 1118 quod
812 1034 946 1117 excepta
969 1054 1039 1097 esse
1063 1054 1101 1096 ea
1123 1031 1288 1113 videntur,
1312 1051 1396 1114 quae

245 1140 377 1225 longam
401 1141 563 1225 syllabam
587 1146 620 1206 et
643 1145 717 1206 ante
741 1144 774 1205 et
792 1144 867 1225 post
884 1161 900 1205 e
916 1139 1049 1223 habent,
1072 1143 1109 1203 ut
1127 1138 1271 1203 fortasse
1292 1142 1396 1201 trans-

244 1252 364 1311 euntem
386 1247 454 1313 Mil.
477 1247 540 1333 Ill,
563 1245 687 1333 1,82*)‚
719 1247 758 1312 de
792 1269 855 1331 quo
879 1269 974 1312 versu
996 1268 1081 1311 nunc
1104 1243 1325 1310 cohibendum
1350 1244 1397 1307 iu-

245 1352 374 1437 dicium,
398 1358 430 1418 et
449 1354 592 1418 eiusdem
611 1354 729 1437 1,1‚69
748 1354 947 1436 bisyllabum
969 1355 1122 1418 ambierat:
1145 1353 1180 1416 in
1204 1374 1270 1436 quo
1295 1351 1397 1416 verbo

246 1460 309 1523 etsi
332 1460 530 1525 consuetudo
549 1461 562 1524 i
580 1454 724 1525 vocalem
742 1482 800 1545 pro
820 1482 836 1526 c
853 1460 1014 1545 probavit,
1036 1464 1145 1524 tamen
1169 1460 1257 1523 ratio
1283 1458 1398 1522 eadem

247 1570 305 1631 est.
352 1565 413 1631 Sed
436 1568 566 1645 antideo,
588 1568 742 1633 intererant
763 1572 796 1632 et
819 1568 940 1632 similia
963 1567 1136 1651 trisyllaba
1158 1587 1224 1631 non
1249 1565 1353 1630 fuere.

335 1672 484 1757 Denique
510 1696 533 1738 a
556 1675 699 1740 vocalem
726 1696 821 1739 nemo
844 1663 977 1759 ignorat
1000 1672 1087 1738 coire
1110 1695 1183 1738 cum
1208 1673 1398 1756 insequenti

247 1801 311 1844 non
342 1783 470 1844 tantum
503 1780 538 1844 in
569 1782 744 1859 ducellum,
777 1779 832 1845 sed
863 1779 961 1845 etiam
991 1781 1024 1844 in
1055 1784 1155 1861 talias,
1186 1801 1292 1858 sarrs,
1327 1782 1397 1845 duo

246 1886 657 1975 coaequaevorum),
679 1885 927 1974 qrcoltuor**):
951 1888 1051 1952 etiam
1074 1889 1108 1952 in
1127 1909 1231 1970 parer,
1249 1889 1398 1971 puella,

247 2018 422 2080 numquam
445 1998 555 2060 tamen
578 1995 613 2059 in
630 1998 724 2079 ymeri
741 2016 838 2078 patero
861 1999 894 2059 et
917 1995 1031 2060 ceteris
1056 1995 1198 2060 casibus:
1222 1999 1397 2080 praeterea

247 2103 281 2166 in
302 2103 361 2183 fai
384 2101 472 2187 (106.
499 2102 599 2186 1090)
622 2124 695 2168 cum
718 2102 851 2187 reliquis
874 2101 989 2167 formis
1013 2124 1094 2186 quae
1117 2124 1135 2166 r
1157 2102 1307 2167 litteram
1330 2125 1396 2168 non

247 2208 370 2273 habent
398 2211 561 2294 omnibus,
593 2211 657 2274 nisi
684 2211 740 2274 ubi
769 2232 840 2274 eam
868 2210 1012 2275 litteram
1041 2209 1200 2294 producta
1227 2231 1244 2274 c
1271 2210 1395 2275 vocalis

248 2315 412 2400 praecedit
433 2321 470 2380 ut
491 2317 526 2382 in
546 2318 687 2398 sumeret:
711 2340 786 2382 nam
808 2340 868 2383 nee
889 2318 986 2398 facuit
1007 2338 1067 2381 nee
1087 2316 1196 2396 frtcraa
1218 2336 1279 2382 nec
1301 2318 1390 2399 fuero

249 2422 284 2485 in
308 2421 399 2487 binas
423 2424 566 2507 syllabas
589 2446 741 2508 umquam
766 2425 963 2490 coaluerunt.
995 2426 1103 2509 Atque
1125 2423 1177 2488 his
1200 2424 1325 2490 finibus
1349 2426 1395 2490 ita

153 2549 236 2591 cmxv
250 2551 290 2594 ea
316 2529 474 2612 aynizesis
503 2536 681 2615 coercetur,
714 2537 750 2596 ut
777 2536 811 2596 et
840 2555 860 2595 a
888 2533 951 2597 lues
968 2537 1104 2614 patruus
1126 2534 1160 2595 et
1182 2532 1224 2596 ab
1248 2554 1327 2619 acuo
1350 2535 1395 2598 ia·

248 2638 342 2701 struit
368 2637 489 2702 imbuas
515 2639 682 2702 metuebam
711 2642 743 2703 et
772 2660 791 2702 a
818 2639 909 2702 timui
930 2640 1034 2720 potuit
1054 2639 1239 2720 polluerunt
1260 2643 1295 2703 et
1318 2662 1393 2705 vero

250 2744 347 2809 etiam
371 2767 391 2808 a
415 2747 493 2809 lueri
516 2745 559 2808 sit
582 2745 791 2810 alienissima:
815 2744 965 2829 quocirca
987 2745 1106 2811 ratris
1128 2769 1158 2810 v.
1182 2740 1247 2812 708
1271 2769 1292 2811 a
1317 2753 1394 2823 tuor,

250 2873 316 2916 uon
340 2841 437 2916 trieris
459 2873 479 2914 a
502 2857 586 2915 tricor
609 2851 815 2916 scribendum
838 2856 916 2916 erat.

338 2957 483 3023 Tertium
503 2979 605 3042 genus
624 2958 724 3023 habes
744 2958 895 3024 licentiae
910 2958 1118 3043 prosodiacae
1136 2959 1171 3023 in
1191 2960 1250 3023 bis
1257 2959 1395 3043 yllaba

248 3065 456 3149 potissimum
477 3065 666 3130 vocabula
685 3066 955 3147 accommodatae,
970 3087 1107 3150 quorum
1122 3065 1239 3130 finibus
1255 3068 1395 3132 maxime

250 3171 407 3251 contineri
435 3194 507 3237 cum
534 3172 717 3256 neglectam
744 3172 940 3255 positionem
968 3175 1038 3236 tum
1067 3171 1175 3251 brevis
1199 3172 1323 3237 vocalis
1347 3195 1394 3238 ec·

250 3277 398 3360 thlipsim
427 3278 566 3342 vidimus
594 3299 663 3361 cap.
687 3277 717 3341 Χ
741 3283 774 3342 et
796 3277 852 3342 Xl.
897 3277 983 3343 Nam
1011 3278 1039 3342 si
1068 3278 1304 3360 aeompositis
1328 3280 1394 3346 illis

250 3385 358 3449 deinde
388 3405 524 3450 scorsrcm
557 3389 590 3448 et
623 3384 786 3449 similibus
819 3385 1003 3468 recesseris,
1036 3384 1234 3468 simplicium
1265 3386 1395 3469 quidem

251 3491 499 3574 vocabulorum,
527 3491 560 3555 in
589 3492 706 3575 quibus
730 3491 895 3575 propriam
919 3491 982 3556 sibi
1005 3491 1113 3556 sedem
1137 3472 1294 3575 syniaesis
1317 3494 1396 3575 fixit,

251 3599 389 3682 simplex
423 3603 455 3661 et
487 3597 676 3681 principalis
709 3597 829 3683 forma,
860 3598 942 3664 h.'e.
974 3599 1142 3664 nominum
1174 3598 1396 3664 nominativus

250 3706 488 3790 verborumque
511 3706 615 3789 prima
637 3726 786 3789 persona,
810 3705 960 3769 binarum
984 3705 1184 3788 syllabarum
1209 3728 1396 3771 mensuram

250 3836 315 3879 non
339 3813 423 3877 solet
441 3810 604 3876 excedere:
627 3811 834 3895 trisyllabum
852 3817 998 3894 quattuor
1016 3812 1079 3876 sibi
1098 3812 1265 3877 sociarunt
1285 3814 1397 3879 affinia

250 3923 310 3987 duo
333 3925 367 3985 ct
390 3921 486 3984 triam
508 3918 698 3983 numeralia.
744 3918 879 4003 Aptiore
904 3917 1004 3983 etiam
1027 3917 1157 3982 vinculo
1181 3916 1269 3982 inter
1292 3942 1327 3984 se
1352 3921 1396 3985 al·

201 4067 203 4072 η
250 4032 356 4094 terum
385 4031 419 4091 et
445 4026 579 4092 tertium
608 4047 709 4110 genus
738 4025 956 4108 continentur,
988 4029 1026 4089 ut
1049 4046 1131 4109 quae
1154 4026 1189 4089 in
1213 4025 1395 4109 bisyllabas

250 4134 372 4200 formas
397 4134 555 4200 iambicae
579 4133 627 4198 vel
652 4132 899 4219 pyrrhichiacae
923 4154 1090 4197 mensurae
1115 4131 1240 4196 cadant
1288 4133 1396 4219 Atque

357 4381 383 4450 ⁸)
404 4380 456 4452 [cf.
472 4382 566 4437 annot
586 4379 622 4435 ad
640 4380 714 4435 huno
732 4381 862 4450 versum]

341 4469 383 4540 *')
403 4469 457 4541 [Cf.
479 4470 579 4540 Opusc.
599 4469 667 4542 phil.
687 4470 726 4524 111
745 4487 772 4540 p.
792 4474 844 4525 008
856 4487 896 4540 sq.
916 4468 989 4540 660]
