2910 5010
265 332 328 397 722
489 349 724 399 nurnrnrscrm
748 336 966 418 rnsoanlsn,
989 350 1189 420 saansaan,

404 580 440 668 u)
464 582 517 646 lm
540 583 781 650 Prooemium
804 585 868 649 des
893 582 1162 651 Sommersem.
1191 586 1285 651 1860

547 724 703 813 (elogium
727 726 761 793 L.
785 725 916 792 Corneli
940 724 1126 812 Scipionis).

352 866 507 952 Superest
528 874 566 935 ut
588 891 688 936 aanor
707 871 798 954 patr·
820 871 930 952 uiginti
952 891 1100 952 maguam
1123 873 1322 954 sapientiam
1344 872 1412 935 mal·

265 980 372 1056 tasqac
394 978 533 1055 cirtem,
562 982 635 1040 utut
657 978 877 1061 incompertae
905 978 1014 1060 nobis,
1042 977 1138 1043 vobis
1164 979 1237 1043 cari
1263 980 1439 1044 commili.

263 1084 358 1145 tones
382 1084 642 1148 commendemus
666 1107 724 1168 pro
744 1083 830 1147 virili
853 1087 945 1167 parte
970 1083 1193 1167 aemulandas,
1220 1086 1354 1150 sedeas
1376 1086 1411 1149 ab

263 1189 374 1252 aetatis
392 1192 549 1270 paruitate
571 1212 668 1274 quam
691 1190 832 1255 maxime
856 1190 1026 1256 seiunctas.
1072 1188 1206 1257 Valete.

755 1387 915 1396 ψ

400 1509 433 1595 v)
456 1509 510 1574 Im
534 1510 778 1577 Prooemium
802 1510 867 1576 des
893 1511 1159 1576 Somrnersem.
1187 1513 1278 1578 1862

586 1652 762 1746 (canticum
786 1653 899 1736 Oedipi
922 1651 1082 1740 Oolonci).

356 1795 401 1861 Et
428 1796 467 1860 de
496 1793 654 1881 Sophocle
682 1796 812 1881 quidem
839 1798 918 1862 haec
945 1796 1116 1861 hactenus:
1151 1819 1253 1882 quem
1278 1821 1406 1864 memen-

266 1906 334 1980 tote
358 1904 565 1984 (ωφροεύνηε
594 1909 689 1989 atque
718 1904 865 1969 εὐκολία(
887 1904 922 1968 in
946 1904 1060 1988 quovis
1084 1925 1208 1988 genere
1233 1908 1406 1990 exemplum

262 2014 296 2073 et
327 2010 520 2076 admirabile
554 2015 587 2075 et
618 2034 750 2094 prorsus
784 2012 923 2076 amabile
955 2015 1082 2075 exstare
1115 2010 1406 2097 dignissimumque

262 2117 346 2200 quod
365 2118 399 2181 in
419 2141 477 2182 suo
498 2118 633 2203 quisque
653 2139 771 2202 genere
790 2119 991 2183 aemulemur
1009 2140 1081 2182 cnm
1098 2117 1290 2186 honestatis
1308 2122 1405 2185 fructu

265 2224 437 2289 uberrimo.
470 2225 563 2301 Quod
584 2228 738 2308 superest,
763 2195 949 2289 scholaruni
969 2224 1056 2288 infra
1074 2226 1264 2309 positarum
1287 2229 1404 2312 copiam

265 2334 362 2413 atque
386 2332 577 2396 varietatem
603 2332 781 2397 consolitae
799 2331 978 2396 industriae
998 2335 1126 2396 vestrae
1146 2335 1404 2399 commendamus

262 2437 366 2522 adque
386 2460 423 2502 ea
444 2461 501 2502 vos
521 2438 637 2522 studia,
657 2461 738 2522 quae
758 2438 856 2502 aetati
876 2441 1002 2502 vestrae
1021 2439 1186 2522 imprimis
1206 2443 1404 2522 conveniunt

262 2566 300 2608 ex
333 2545 440 2610 officio
474 2545 696 2628 cohortamur,
729 2567 792 2629 quo
824 2546 916 2610 vobis
947 2545 1165 2612 humanitatis
1198 2549 1403 2634 praeceptrix,

261 2674 325 2717 non
345 2653 526 2736 corruptrix
545 2652 626 2718 haec
647 2654 713 2717 vita
732 2653 916 2717 academica
935 2652 1051 2717 evadat
1067 2674 1151 2718 neve
1174 2656 1214 2720 in
1234 2658 1402 2722 alienarum

261 2760 504 2824 contentionum
528 2759 754 2843 intemperiem
778 2764 875 2843 atque
898 2760 1110 2823 acerbitatem
1135 2763 1339 2844 optimarum
1361 2784 1402 2826 ar·

260 2865 342 2929 tium
366 2867 499 2931 dulcedo
524 2870 556 2930 et
578 2866 798 2950 tranquillitas
821 2868 936 2931 vertat.
981 2865 1107 2931 Valete.

752 3064 912 3073 ————-

375 3186 419 3272 w)
442 3187 497 3252 Im
521 3188 763 3255 Prooemium
787 3188 852 3254 des
876 3187 1119 3252 Wintersem.
1147 3189 1301 3275 1862s63

566 3331 706 3417 (priscae
729 3334 784 3397 lat
808 3334 910 3419 epigr.
933 3333 1037 3415 suppl.
1061 3326 1101 3413 Ι).

351 3472 453 3539 Novis
477 3475 631 3558 exemplis
655 3476 846 3560 quibusdam
870 3474 1095 3559 perspexistis,
1126 3475 1217 3540 cives
1242 3477 1404 3585 carissimi

263 3580 434 3644 veritatem
459 3578 584 3645 Solonii
612 3580 715 3664 illius,
748 3604 811 3666 quo
840 3585 872 3645 et
901 3586 1001 3645 semet
1029 3581 1250 3664 profitebatur
1273 3590 1307 3648 et
1329 3584 1400 3648 alios

261 3686 467 3770 significabat
490 3688 658 3767 γηράεκειν
682 3689 742 3753 αἰεὶ
766 3690 874 3753 πολλὰ
897 3690 1151 3765 διδαεκομένουε.
1181 3690 1276 3766 Quod
1301 3696 1398 3754 tamen

260 3793 410 3859 oblivisci
432 3794 533 3860 nolite
556 3796 602 3860 ita
625 3798 752 3861 tanturn
776 3818 888 3860 vemrn
912 3817 993 3878 esse,
1016 3795 1042 3858 si
1062 3794 1258 3874 ἡβάεκοντε(
1278 3798 1329 3861 vel
1347 3796 1400 3861 sal-

258 3902 323 3962 tem
353 3901 495 3978 ἡβῶντε(
523 3903 722 3986 coeperimus
756 3925 821 3967 non
851 3903 957 3967 solum
985 3903 1121 3984 discere,
1154 3904 1213 3968 sed
1242 3904 1399 3970 doetrinae

258 4006 361 4070 solida
384 4008 594 4074 fundamenta
625 4009 737 4073 iacere.
783 4009 820 4073 In
850 4032 914 4094 qua
943 4009 1150 4074 contentione
1174 4009 1399 4077 honestissima

261 4112 288 4176 si
322 4113 400 4196 quid
433 4138 490 4180 vos
523 4117 675 4180 adiuvare
708 4138 746 4179 ea
774 4115 978 4181 institutione
1006 4115 1201 4200 poterimus,
1234 4119 1326 4182 cuius
1356 4123 1398 4181 sat

262 4222 355 4284 varia
385 4221 601 4286 instrumenta
627 4221 713 4287 infra
740 4222 910 4306 proposita
937 4222 1067 4305 videtis,
1099 4225 1133 4286 et
1154 4229 1268 4289 vestra
1296 4245 1399 4289 causae

256 4329 289 4389 et
311 4332 424 4392 nostra
447 4329 669 4413 gaudebimus.
715 4329 841 4394 Valete.
