2910 5010
324 354 622 402 csnrunnrrcnnu
646 355 717 400 nnn
741 341 947 401 insincerus,
1145 339 1206 403 717

65 498 284 582 intellegimus
313 519 333 561 a
360 498 453 562 vobis
477 498 512 562 in
534 501 694 580 tempore,
726 496 788 561 hoc
811 500 861 560 est
885 500 960 560 ante
983 496 1136 562 feriarum
1161 499 1210 562 in·

65 605 160 669 itinm
183 624 450 687 communemque
473 603 665 686 discessum,
693 602 804 687 quales
828 601 956 667 futurae
980 603 1047 667 sint
1070 605 1208 670 rescisci.
1280 606 1284 613 '

65 711 162 775 Illam
191 711 292 796 igitur
318 709 509 774 tarditatem
538 731 610 774 cnm
638 709 707 774 iure
736 712 845 773 vestro
873 729 969 791 saepe
992 711 1098 793 questi
1122 711 1208 775 sitis:

65 818 161 883 nobis
189 817 318 903 quidem
346 816 554 880 vehementer
580 815 753 880 dolendum
782 819 832 879 est
855 814 959 878 solam
983 816 1206 901 conquerendi,

66 925 248 1010 corrigendi
280 923 401 988 nullam
435 945 505 987 esse
537 925 734 1006 potestatem
767 921 928 1004 relictam,
960 922 1014 1005 qni
1042 922 1209 986 nulladum

68 1054 147 1097 cura
170 1036 203 1096 et
227 1030 449 1113 meditatione,
473 1030 571 1094 nullis
595 1029 719 1094 artibus
743 1027 954 1112 machinisve,
977 1029 1069 1094 nulla
1093 1029 1208 1094 virium

21 1204 26 1213 ,
68 1137 274 1203 contentione
303 1138 450 1222 quemvis
480 1137 637 1202 acerrima
666 1159 721 1201 eas
745 1158 896 1220 superare
920 1135 1128 1200 difficultates
1152 1160 1208 1221 po·

66 1244 237 1328 tuerimuS,
265 1266 348 1328 quae
377 1266 447 1309 cum
478 1247 606 1327 apertas
635 1265 766 1308 caussas
795 1242 918 1307 habent
941 1246 1012 1307 tum
1036 1267 1056 1307 a
1078 1248 1208 1309 nostrae

66 1350 179 1434 cnlpae
203 1351 375 1416 cuiuslibet
398 1351 623 1416 communione
646 1372 780 1434 prorsus
804 1350 975 1415 seiunctas.
1022 1349 1110 1426 Quae
1135 1374 1207 1416 cum

67 1457 115 1520 ita
143 1458 225 1540 sint,
257 1480 354 1523 unum
385 1461 435 1521 est
464 1478 527 1542 quo
556 1462 589 1521 et
611 1479 669 1522 vos
696 1461 729 1521 et
755 1460 883 1521 nosmet
906 1456 970 1541 ipsi
992 1457 1209 1524 consolemur:

67 1563 151 1646 quod
175 1563 278 1628 levius
302 1566 340 1628 fit
362 1564 534 1648 patientia,
560 1563 711 1648 quicquid
734 1564 895 1648 corrigere
919 1566 968 1627 est
991 1563 1093 1629 nefas.
1139 1564 1209 1641 Quo

66 1675 175 1735 autem
209 1693 266 1735 vos
299 1671 420 1735 diutius
453 1671 563 1735 fatalis
595 1671 771 1736 necessitas
804 1674 930 1735 morata
963 1673 1025 1752 est,
1058 1692 1096 1735 eo
1125 1692 1209 1737 nunc

67 1778 173 1842 minus
202 1799 311 1842 morae
339 1799 398 1842 nos
428 1779 683 1863 interponemus,
716 1777 772 1841 sed
800 1777 900 1841 indici
923 1777 1027 1842 indice
1050 1778 1209 1860 praefabi-

67 1906 149 1965 mur,
172 1885 228 1967 qui
246 1906 305 1949 nee
324 1906 509 1949 caussarum
529 1884 766 1968 expositionem
785 1883 966 1948 uberiorem
990 1905 1049 1948 nec
1068 1885 1207 1969 aliquem

68 1991 181 2055 florem
205 1991 362 2056 orationis
386 2013 462 2076 prae
487 2013 520 2056 se
544 1992 636 2056 ferat.

197 2346 232 2432 g)
256 2347 310 2454 lm
333 2347 575 2411 Prooemium
599 2348 663 2412 des
688 2347 932 2412 Wintcrsem.
958 2348 1085 2430 1844s5

330 2486 383 2576 (dc
407 2490 532 2555 cantico
556 2490 736 2555 Trinummi
759 2486 953 2574 Plautinae).

156 2631 354 2696 Particulam
386 2632 550 2697 vobiscum
581 2633 887 2698 communicavimus
911 2631 1078 2715 amplioris
1102 2630 1210 2715 dispu-

67 2738 213 2821 tationis,
237 2760 333 2822 quam
358 2739 521 2823 integram
540 2761 720 2823 proponere
738 2761 797 2823 per
815 2739 912 2804 aliam
934 2738 1211 2824 opportunitatem

68 2844 285 2909 academicam
313 2845 502 2929 propediem
530 2846 650 2911 licebit.
696 2844 792 2910 Nunc
820 2846 907 2910 enim
931 2845 1107 2910 cavendum
1132 2848 1211 2926 erat,

68 2973 110 3017 nc
133 2952 230 3016 nimis
255 2973 312 3016 vos
334 2973 536 3016 moraremur
559 2952 600 3016 ad
624 2973 678 3016 eas
701 2956 870 3035 tamquam
893 2951 1073 3017 studiorum
1097 2952 1211 3034 epulas

67 3059 294 3140 festinaturos,
327 3080 407 3142 quas
434 3059 468 3122 in
493 3059 606 3143 quovis
630 3078 747 3143 genere
771 3058 972 3143 largissimas
996 3057 1088 3121 vobis
1112 3080 1211 3142 appo·

68 3166 150 3229 sitas
178 3166 310 3231 videtis:
343 3167 459 3251 quibus
488 3166 535 3230 ita
563 3165 713 3248 utemini,
745 3168 781 3230 ut
810 3168 842 3228 et
869 3164 909 3228 ad
938 3185 995 3229 vos
1023 3165 1211 3247 pulcerrimi

68 3273 193 3337 fructus
216 3273 398 3337 redundent
417 3278 449 3337 et
467 3294 526 3338 nos
545 3273 711 3356 impensae
730 3271 823 3337 vobis
843 3292 960 3356 operae
979 3292 1019 3334 ne
1038 3271 1213 3355 paeniteat.

69 3377 132 3443 Sed
159 3383 269 3443 tamen
296 3379 387 3463 prius
415 3401 512 3464 quem
541 3401 598 3444 vos
627 3379 733 3443 valere
761 3379 904 3461 iubeam,
936 3376 1017 3442 illud
1051 3379 1211 3462 agendum

70 3489 133 3570 est,
166 3486 252 3570 qnod
286 3508 357 3551 cnm
391 3487 453 3553 hoc
485 3486 708 3570 prooemiandi
741 3485 849 3550 officio
883 3485 1036 3570 coniungi
1069 3507 1172 3569 nuper
1181 3485 1212 3566 ²¹⁵)

69 3592 193 3676 placuit
215 3614 281 3658 non
300 3593 453 3658 mediocri
472 3597 509 3657 ut
527 3592 723 3657 arbitramur
743 3596 850 3657 vestro
870 3591 1015 3674 ipsorum
1034 3591 1212 3656 commodo.

69 3699 141 3775 Quo
174 3699 259 3764 enim
291 3699 384 3764 vobis
418 3700 536 3764 certius
574 3700 611 3764 de
649 3716 882 3764 cunrsnrnvn
920 3714 1213 3781 scnnssnconvn,

69 3828 206 3890 quorum
238 3806 413 3890 quotannis
447 3807 536 3871 varia
568 3829 605 3872 ac
638 3807 808 3891 multiplex
841 3807 979 3871 materia
1011 3806 1214 3890 proponitur,

68 3914 197 3978 ratione
225 3917 322 3997 atque
350 3916 466 3977 eventu
495 3917 636 3997 constet,
664 3914 768 3977 visum
793 3917 842 3977 cst
865 3912 927 3978 hoc
951 3913 1022 3978 loco
1046 3912 1212 3977 vobiscum

70 4020 317 4103 communicare,
341 4041 424 4103 quac
448 4041 520 4084 eum
545 4019 584 4085 de
606 4020 792 4085 novissimis
811 4018 1075 4084 contentionibus
1094 4018 1213 4083 vestris

69 4127 191 4213 singuli
224 4125 352 4191 ordines
384 4126 571 4191 iudicarunt
602 4130 672 4191 tum
706 4149 764 4193 vos
797 4130 939 4191 tractare
976 4148 1035 4210 per
1070 4124 1213 4209 proximi
1295 4190 1300 4199 ,

69 4234 147 4298 anni
177 4233 320 4317 spatium
349 4234 519 4298 iusserunt.
565 4233 615 4297 Eo
643 4239 753 4298 autem
782 4253 913 4296 munere
936 4231 1017 4296 scire
1042 4253 1099 4296 vos
1123 4231 1213 4296 volu·

160 4461 185 4530 s)
206 4462 275 4533 [Das
293 4461 417 4532 geschah
436 4463 528 4515 aucrst
547 4466 622 4515 1843.
662 4460 690 4516 C.
710 4461 767 4533 W]
