3006 5016
308 362 379 408 unu
404 362 465 408 ms
490 327 1017 409 ue1ez1eaarn‘surussruurars.
1192 346 1233 410 67

90 500 161 554 mibi
179 503 239 555 tum
258 503 388 556 acerbum
406 502 473 571 fuit,
502 505 533 557 ut
558 503 653 557 multis
672 503 752 557 annis
770 502 874 556 nullius
894 501 1013 556 hominis
1032 502 1173 572 digressus
1191 519 1236 557 me

89 590 304 646 discruciaverit
322 590 444 662 gravius.
482 592 572 648 Video
591 594 768 647 tamencum
787 592 837 646 illo
857 593 963 661 optime
982 592 1086 661 actum,
1105 591 1181 661 quod
1200 591 1236 646 ab

90 680 144 735 hoc
162 680 276 736 saeculo
294 698 350 737 uon
369 680 460 737 miuus
474 682 611 738 scelerato
631 699 716 750 quam
739 698 903 737 aerumnoso
923 681 961 737 sit
984 682 1066 751 plane
1081 684 1236 752 exemptus.

162 788 268 845 Rumor
286 787 353 843 item
373 788 449 858 apud
466 805 517 843 uos
534 789 618 859 longe
637 790 748 858 lateque
768 807 882 859 sparsus
896 791 948 858 est,
968 788 1052 843 etita
1066 805 1186 859 sparsus,
1206 792 1238 844 ut

89 895 145 931 non
164 894 264 948 parurn
283 879 379 934 multis
398 878 481 933 fidem
499 877 557 932 iam
575 896 686 947 quoque
705 878 815 949 iecerit,
834 877 960 933 Vlricum
980 878 1148 947 Huttcnum,
1172 896 1237 934 vere

88 965 214 1021 nobilem
233 966 375 1037 iuvenem,
399 968 428 1020 et
445 968 519 1022 hunc
538 984 648 1036 quoque
669 967 741 1023 diem
761 985 841 1022 suum
860 967 970 1022 obiisse.
1009 967 1114 1033 Quodsi
1132 985 1177 1024 res
1195 968 1238 1022 ita

90 1056 176 1110 habet
200 1056 283 1123 (solet
305 1054 379 1111 euim
397 1073 597 1125 nonnunquam
614 1072 709 1111 rumor
728 1058 757 1110 et
775 1056 884 1111 variare
903 1058 932 1111 et
950 1073 1069 1126 augere,
1095 1058 1169 1125 quod
1188 1074 1236 1128 ge-

89 1146 164 1199 stum
184 1146 247 1215 est),
266 1146 348 1201 doleo
369 1145 440 1200 illud
458 1146 617 1218 ingenium,
642 1147 770 1201 illumin
788 1148 907 1215 utroque
926 1146 1037 1201 dicendi
1056 1164 1158 1217 genere
1176 1146 1237 1201 l'eli-

89 1252 151 1289 cem
174 1251 275 1290 venam
300 1236 360 1290 tam
378 1234 528 1290 humatum
547 1236 664 1291 interitu
682 1236 826 1291 defecisse.
864 1236 908 1290 lta
932 1234 993 1290 dira
1015 1236 1069 1290 lati
1086 1238 1237 1293 necessitas

90 1324 200 1394 optima
223 1342 349 1394 quaeque
373 1325 503 1395 demetit,
530 1325 673 1396 peioribus
695 1343 783 1395 usque
809 1326 846 1381 ad
869 1327 993 1382 taedium
1017 1326 1130 1383 relictis.
1173 1327 1238 1382 Fuit

89 1413 160 1467 mihi
184 1431 248 1468 cum
271 1413 383 1469 homine
406 1431 463 1468 non
480 1413 619 1484 vulgaris,
642 1431 732 1482 neque
752 1413 865 1468 omnino
884 1431 958 1469 nova
975 1415 1166 1484 familiaritas,
1195 1417 1237 1471 ut·
1252 1438 1293 1476 ass

89 1504 156 1572 pote
185 1501 215 1556 in
239 1501 365 1573 Lipsensi
392 1504 460 1559 olim
484 1502 629 1575 gymnasio
652 1520 709 1558 non
735 1503 895 1573 penitendis
921 1503 1055 1575 auspiciis
1084 1507 1237 1574 contracta,

89 1591 138 1645 ubi
162 1608 230 1659 qum
252 1591 312 1646 illic
335 1592 560 1649 adulescentulus
582 1592 669 1646 ferme
693 1592 780 1648 bonas
804 1593 914 1649 litteras
938 1610 994 1647 non
1014 1594 1126 1649 omnino
1145 1594 1237 1650 inteli-

90 1680 160 1734 citer
179 1682 366 1751 profiteretur,
385 1681 426 1735 ita
443 1681 514 1736 mihi
534 1681 624 1751 primo
643 1680 740 1737 statim
760 1683 844 1753 gustu
862 1680 982 1752 placuit,
1011 1683 1044 1736 ut
1060 1701 1140 1753 spem
1160 1682 1236 1740 illico

90 1769 125 1822 de
153 1767 267 1824 homine
296 1771 472 1839 conceperim
501 1771 531 1825 et
553 1770 677 1841 amplam
702 1772 732 1825 et
757 1787 857 1825 raram.
895 1770 973 1825 Vitio
998 1769 1041 1825 illi
1067 1775 1237 1842 vertebatur,

91 1857 165 1924 quod
189 1857 316 1912 acerbius
339 1876 539 1928 nonuunquam
568 1860 724 1929 scripserit,
753 1860 828 1928 quod
856 1859 980 1915 convitia
1002 1860 1133 1916 convitiis
1156 1880 1238 1918 accu-

90 1948 255 2018 mulaverit,
281 1948 355 2017 quod
378 1948 526 2019 plerosque
549 1949 733 2004 insectaretur
759 1948 823 2003 odio
849 1949 912 2019 plus
931 1965 1014 2017 quam
1039 1948 1157 2020 tragico.
1195 1951 1239 2006 Sit

90 2037 138 2091 ita
178 2038 233 2093 Sed
252 2041 433 2108 provocatus,
462 2038 511 2092 sed
528 2037 651 2107 iuvenis,
675 2038 797 2092 sednon
816 2036 870 2092 nisi
890 2037 1000 2106 quando
1020 2037 1143 2093 calamus
1162 2041 1235 2096 inca·

90 2127 195 2196 luerat,
224 2144 279 2196 qua
300 2129 397 2182 tamen
420 2143 449 2180 re
472 2125 613 2181 nemiuem
637 2125 737 2181 maiori
761 2144 845 2194 quum
869 2143 899 2181 se
922 2126 1015 2195 ipsum
1038 2129 1176 2196 gravabat
1197 2132 1236 2185 in·

90 2215 174 2270 vidia
202 2215 232 2269 Si
249 2214 279 2266 id
298 2213 399 2268 vitium
419 2216 469 2284 est,
488 2215 575 2269 habet
592 2213 622 2268 id
641 2232 704 2269 curn
717 2216 815 2270 multis
830 2231 983 2269 commune.
1012 2215 1076 2271 Non
1090 2235 1238 2287 possumus

90 2319 187 2358 omnes
206 2301 348 2358 Christum
367 2306 397 2358 et
414 2304 570 2374 principem
589 2307 619 2360 et
637 2304 780 2360 doctorem
798 2307 925 2361 nostrum
942 2305 1059 2374 referre,
1084 2307 1132 2376 qui
1150 2309 1234 2364 male·

91 2392 250 2447 dicentibus
272 2409 328 2448 non
351 2392 476 2449 vicissim
498 2393 660 2462 maledixit,
686 2395 735 2448 sad
758 2411 808 2463 pro
832 2394 943 2465 probris
966 2395 1148 2452 amarulentis
1166 2399 1237 2454 salu·

90 2485 181 2537 tarem
204 2481 285 2537 nobis
309 2481 465 2538 doctrinam
488 2483 626 2553 rependit.
663 2483 810 2553 Vtcuuque
830 2484 879 2551 sit,
905 2484 1011 2539 umbris
1029 2484 1106 2540 illius
1124 2489 1237 2542 tenuem

91 2587 124 2625 ac
143 2570 204 2625 sinc
223 2571 345 2640 pondere
364 2574 468 2626 terram
487 2574 566 2642 opto,
591 2571 783 2642 spirantesque
803 2589 899 2628 crocos
922 2574 953 2628 et
974 2571 1083 2644 reliqua
1100 2592 1171 2645 quac
1195 2593 1237 2632 se·

91 2664 224 2729 quantur.

161 2786 216 2840 Vix
240 2783 342 2854 credis,
370 2785 509 2840 Bilibalde
533 2786 585 2854 mi,
614 2803 699 2856 quam
723 2804 767 2841 me
791 2788 891 2842 horum
915 2790 1074 2858 temporum
1099 2793 1237 2848 tumultus

93 2875 245 2931 offendunt.
277 2874 299 2929 0
320 2874 360 2929 dii
378 2874 510 2945 deaeque,
530 2892 601 2943 quae
620 2876 732 2931 insanas
750 2878 845 2931 versat
864 2875 1005 2932 discordia
1023 2881 1143 2934 mentes!
1162 2880 1238 2934 itane

92 2963 202 3019 animus
226 2979 359 3034 praeceps
382 2981 432 3034 per
452 2980 533 3018 omne
552 2964 688 3019 relabitur
705 2964 833 3019 facinus?
856 2965 932 3021 itane
951 2967 1040 3021 veluti
1059 2968 1151 3024 furore
1170 2986 1237 3039 quo·

91 3055 156 3108 dam
177 3052 277 3124 perciti
295 3053 325 3106 iu
343 3069 537 3122 quemcunque
557 3053 670 3109 obvium
689 3056 804 3125 repente
819 3071 923 3110 cornua
938 3054 1127 3112 obvertimus?
1146 3075 1238 3114 nonne

91 3144 163 3197 muti
185 3141 241 3196 tibi
265 3140 396 3197 videntur
418 3141 585 3198 Germaniae
603 3146 715 3198 nostrae
734 3143 889 3215 principes,
917 3143 967 3214 qui
984 3145 1057 3200 tales
1076 3163 1168 3202 rerum
1187 3150 1237 3203 hu-

91 3249 238 3286 manarum
256 3233 350 3301 pestes
368 3231 448 3287 taciti
468 3235 595 3301 spectare
614 3236 748 3303 possunt?
785 3234 846 3304 Ego
872 3253 939 3304 qum
959 3234 1043 3290 audio
1061 3236 1119 3290 illis
1138 3255 1237 3293 manus

90 3323 265 3393 amputatas,
293 3322 343 3376 hos
367 3321 558 3376 crudelissime
582 3322 688 3378 occisos
707 3324 845 3394 deumque
864 3323 1066 3397 hominumque
1085 3327 1166 3381 fidem
1186 3328 1237 3382 im·
1252 3348 1290 3387 ass

90 3412 218 3482 plorare,
246 3411 314 3480 quid
337 3410 415 3466 aliud
439 3411 618 3483 cogitandum
644 3415 699 3482 est,
726 3431 811 3483 quam
829 3414 933 3469 Marios
953 3414 1100 3485 Syllaeque
1120 3417 1154 3472 ab
1173 3416 1236 3471 imis

91 3500 203 3556 Tartari
222 3501 334 3556 sedibus
354 3503 485 3556 evocatos
505 3509 583 3557 csse?
611 3502 761 3572 Pompeius
781 3502 811 3558 in
829 3504 885 3558 iras
904 3504 970 3559 hinc
989 3505 1066 3573 furit,
1085 3505 1151 3561 hinc
1170 3506 1236 3562 Cae·

91 3608 137 3645 sar
160 3608 263 3646 vesano
286 3590 448 3646 accenditur
472 3588 545 3660 igne.
582 3592 633 3647 Est
656 3593 737 3647 tanta
756 3592 1011 3648 crudelissimorum
1030 3592 1175 3648 hominum
1195 3612 1236 3649 se-

90 3679 177 3748 vitia,
205 3681 238 3734 ut
260 3697 311 3750 pro
336 3697 386 3735 sua
408 3678 539 3749 libidine,
568 3699 624 3750 qua
642 3682 671 3736 in
690 3691 814 3753 quosque
835 3683 931 3739 obvios
950 3684 1126 3753 grassantur,
1154 3684 1236 3738 satis·

90 3772 198 3825 iactum
218 3768 273 3825 sibi
291 3787 468 3839 nequaquam
486 3772 627 3841 putarent,
648 3771 702 3826 nisi
721 3776 748 3840 (o
763 3789 821 3827 rem
835 3772 1004 3842 indignaml)
1023 3771 1053 3825 in
1072 3771 1237 3828 miserarum

92 3860 321 3916 muliercularum
347 3857 504 3914 miserrima
527 3861 692 3931 corpuscula
715 3879 825 3931 quoque
849 3860 981 3918 sevirent.
1022 3860 1059 3916 Et
1082 3861 1160 3917 videt
1181 3862 1238 3917 ista

89 3951 173 4015 deus,
197 3965 250 4002 nec
268 3946 388 4002 fulmina
406 3950 521 4017 torquet
538 3949 574 4004 ab
593 3951 663 4007 ulto!
702 3952 788 4006 Irasci
806 3951 918 4021 quando
937 3949 1038 4005 iustius
1057 3949 1107 4006 ille
1125 3953 1236 4021 potest?

88 4037 137 4092 Sic
156 4037 222 4092 odio
240 4035 304 4105 plus
323 4054 407 4105 quam
427 4036 580 4094 Vatiniano
599 4041 810 4109 tumultuamur,
831 4040 911 4108 quasi
929 4043 1055 4095 extrema
1073 4040 1153 4096 nobis
1173 4058 1236 4111 spes

87 4128 119 4182 in
143 4143 178 4180 ec
201 4125 240 4178 sit
262 4125 416 4193 collocata,
444 4130 474 4181 et
495 4131 591 4183 tamen
615 4147 679 4198 quur
699 4130 769 4184 haec
787 4128 910 4199 agimua
937 4128 1063 4199 perbelle
1082 4129 1235 4184 Christiani

87 4215 174 4272 nobis
194 4214 328 4284 videmur,
348 4216 428 4285 quasi
446 4216 516 4271 haec
533 4220 630 4272 nostra
647 4217 747 4289 religio
765 4219 850 4288 longe
868 4218 1017 4287 quicquam
1037 4217 1114 4273 aliud
1130 4217 1234 4273 deside-

87 4308 134 4361 ret
153 4305 243 4375 magis
269 4322 354 4373 quarn
380 4303 569 4375 concordiam,
598 4323 654 4375 qua
672 4305 733 4361 sola
752 4307 866 4362 sublata
884 4291 1040 4362 Christiani
1057 4324 1114 4361 non
1133 4325 1235 4362 sumus.

88 4395 194 4451 Libens
214 4395 268 4448 hoc
287 4393 350 4449 loco
368 4393 490 4464 ipsemet
507 4394 578 4449 mihi
597 4396 770 4464 temperabo,
789 4414 824 4450 ne
843 4396 871 4450 in
886 4395 1027 4466 principes
1042 4395 1236 4451 immodestius

86 4485 159 4557 quid
178 4484 348 4554 proteratur,
374 4501 441 4552 qum
459 4482 545 4538 sciam
565 4501 621 4539 non
640 4501 700 4539 esse
718 4503 777 4540 rem
796 4484 947 4554 ludicram,
973 4502 1037 4539 curn
1058 4486 1128 4540 Iove
1141 4483 1236 4553 iocari,

989 4575 1022 4629 ὃ*
