2986 5010
428 363 695 414 nuauolrrorus
720 364 927 414 rnavrnrnn.
1187 343 1253 416 465

108 508 195 573 enim
223 508 394 593 exemplis,
426 533 507 593 quae
536 510 618 575 nihil
647 513 788 595 suspecti
817 512 943 576 aliunde
975 512 1130 594 habeant,
1161 512 1253 576 litem

107 617 199 680 illinc
220 638 287 681 non
310 617 476 701 moverim,
498 621 536 682 ut
558 618 649 681 Asin.
673 616 729 702 IV,
756 622 783 702 l,
809 621 862 683 l‘l:

195 757 246 823 Ne
268 759 400 841 epistula
423 760 553 843 quidem
576 761 634 824 illa
656 761 724 826 olla
748 762 791 824 sit
814 762 848 825 in
872 762 1017 826 aedibus:

108 901 142 963 in
171 924 234 984 quo
265 902 344 966 adeo
374 902 414 966 ad
443 902 718 986 quadrisyllabam
744 925 855 968 vocem
880 904 990 969 eadem
1020 906 1153 970 licentia
1180 928 1253 989 pro-

108 1028 220 1092 gressa
252 1013 310 1073 est.
355 1008 431 1075 Non
463 1010 569 1095 magis
602 1011 637 1074 in
669 1011 774 1095 primo
806 1011 887 1094 pede
921 1034 981 1094 pro
1013 1013 1166 1076 trochaeo
1196 1013 1253 1075 tri-

107 1114 264 1181 brachum
295 1118 474 1182 admissum
505 1117 641 1182 calidius
671 1118 823 1182 damnare
855 1119 973 1202 ausim,
1004 1123 1042 1182 ut
1074 1118 1271 1203 significavi·

108 1244 139 1305 p.
149 1239 280 1287 cnxxrx
297 1224 399 1305 [mor
432 1221 493 1288 Sed
517 1224 672 1290 intortio
697 1226 777 1309 pede
800 1225 904 1290 multo
929 1225 1035 1289 minus
1060 1224 1178 1288 similis
1204 1245 1252 1288 ac-

109 1332 222 1393 centus
245 1330 403 1414 probatus
428 1334 487 1414 est,
511 1331 639 1413 qualem
663 1355 694 1396 v.
717 1332 782 1396 503
806 1331 950 1416 Guyetus
974 1330 1099 1395 intulit:

197 1472 299 1556 Eheu,
324 1474 379 1537 ubi
401 1475 449 1538 nil
471 1475 547 1538 ustis
570 1479 641 1539 erat
664 1474 760 1558 dicto,
784 1474 936 1558 spondeo,

109 1616 159 1678 vel
184 1614 300 1680 Bacch.
324 1617 388 1680 223
414 1617 507 1698 [255]
531 1618 670 1682 librarii:

86 1781 97 1798 ·
196 1758 362 1826 Volcanus
387 1760 443 1826 Sol
466 1761 561 1826 Lami
584 1760 662 1824 Dies
680 1798 702 1818 --
715 1794 734 1819 o
748 1788 765 1818 r
779 1794 797 1818 υ
811 1811 844 1824 -.

197 1903 359 1968 Accentus
374 1904 537 1968 licentiam
559 1904 800 1968 senariorum
822 1925 949 1969 omnem
965 1906 1153 1987 persecutus
1169 1925 1254 1966 sum:

110 2007 197 2073 volui
217 2013 302 2073 certe
321 2031 450 2074 ornnem
469 2012 628 2094 persequi.
660 2010 782 2087 Quodsi
807 2033 890 2094 quae
913 2010 1115 2095 reperiantur
1139 2030 1254 2092 propo-

109 2115 181 2180 sitis
207 2115 334 2200 legibus
360 2138 427 2181 non
452 2117 702 2201 comprehensa,
731 2117 926 2182 confidenter
951 2117 1078 2201 imputa
1104 2116 1254 2180 librariis.

110 2220 312 2306 Quamquam
348 2225 416 2287 eius
448 2224 575 2308 generis
606 2246 623 2288 e
655 2224 845 2289 Trinummo
876 2246 961 2288 nunc
990 2224 1073 2289 nihil
1105 2223 1256 2288 recordor

110 2333 238 2412 praeter
261 2331 468 2415 turpissimos
490 2353 641 2396 numeros
666 2354 694 2395 v.
718 2332 796 2395 200:

198 2471 311 2556 Neque
334 2472 632 2560 mc‘ndoctloquiris*)
657 2496 760 2557 neque
784 2478 936 2559 argutum
959 2475 1073 2559 magis.

110 2613 199 2690 Quae
231 2639 292 2681 vox
324 2617 585 2698 mcnddcttoquius
617 2617 858 2701 pronuntianda
890 2621 961 2681 erat
991 2616 1173 2680 necessario
1180 2665 1188 2697 ,
1220 2618 1257 2678 ut

109 2723 256 2804 proximo
281 2745 375 2789 versu
398 2724 691 2806 confidduttldquius
709 2748 775 2790 non
798 2724 1094 2806 confidentiloquius
1118 2721 1151 2786 id
1171 2720 1256 2804 quod

110 2830 388 2912 perversissimum
416 2830 560 2895 futurum
590 2836 666 2895 erat.
712 2832 826 2896 Ascita
848 2831 950 2915 igitur
974 2852 1013 2894 ex
1036 2827 1253 2892 Ambrosiano
1269 2847 1397 2887 ccxxxn

109 2938 183 3001 odeo
210 2938 369 3022 particula
392 2941 484 3002 vetus
508 2938 623 3001 vitium
655 2939 701 3002 ita
724 2939 773 3002 uti
804 2937 838 3000 in
866 2936 1008 3001 editione
1035 2933 1158 2998 facturn
1188 2955 1255 2997 sus-

110 3044 237 3129 tuli.**)
1287 3031 1296 3046 ⁴

71 3202 76 3210 .
117 3146 118 3150 ¹
198 3152 250 3216 Ad
274 3151 497 3217 trochaicus
526 3158 633 3217 autem
663 3151 909 3236 septenarios
933 3153 969 3215 ut
992 3154 1171 3231 transeam,
1200 3147 1255 3211 ho-

111 3281 181 3322 rum
210 3259 340 3342 quidem
374 3258 578 3342 rhythmicae
608 3260 750 3323 rationes
782 3280 877 3341 quam
908 3258 1108 3341 propinquae
1138 3275 1257 3340 cogna-

110 3366 208 3430 tionis
231 3367 359 3429 vinculo
383 3389 455 3430 curn
480 3366 680 3430 senariorum
708 3365 892 3430 rationibus
915 3365 1156 3447 contineantur,
1183 3385 1256 3426 cum

111 3493 149 3535 ex
174 3472 228 3555 eis,
252 3494 334 3555 quae
359 3471 463 3537 adhuc
481 3472 620 3537 vidimus
641 3472 808 3555 utriusque
828 3471 955 3557 generis
976 3470 1158 3535 communia
1177 3490 1258 3551 esse,

8 3579 12 3584 ’
111 3578 206 3642 facile
230 3579 409 3664 colligitur,
436 3584 505 3643 tum
534 3579 662 3663 plenius
692 3602 729 3643 ex
753 3580 799 3643 eis
823 3578 996 3663 apparebit
1019 3597 1100 3660 quae
1124 3574 1258 3639 dicenda

112 3689 243 3749 restant.
289 3687 398 3769 Atque
428 3691 598 3770 perspecta
627 3691 678 3749 est
708 3709 747 3749 ea
777 3685 917 3750 affinitas
948 3686 1013 3748 iarn
1044 3706 1063 3747 a
1095 3682 1256 3746 veteribus

112 3791 277 3876 magistris
306 3792 387 3875 illis,
420 3793 474 3875 qui
505 3796 729 3856 tetrametrum
761 3791 961 3856 trochaicum
990 3791 1036 3854 ita
1064 3788 1258 3853 'definierunt

112 3902 147 3960 ut
175 3899 390 3982 compositum
419 3920 488 3963 esse
517 3921 554 3963 ex
584 3899 724 3963 iambico
748 3899 895 3965 trimetro
920 3905 953 3962 et
976 3898 1052 3962 huic
1078 3897 1256 3981 praemisso

201 4128 227 4197 *)
246 4128 347 4198 [‘quod
361 4128 439 4184 nullo
459 4128 542 4183 modo
562 4128 711 4184 defendere
730 4129 926 4184 Lachmannus
945 4127 975 4181 in
994 4125 1072 4182 Lacr.
1091 4144 1119 4195 p.
1140 4130 1190 4179 129
1210 4124 1256 4179 de·

111 4215 193 4270 buit.'
214 4217 315 4286 Trin.¹]

182 4304 225 4373 **)
245 4306 288 4377 [In
307 4306 350 4362 cd.
365 4307 414 4362 alt.
434 4306 604 4362 Ritschelius
624 4326 649 4363 v.
664 4314 717 4362 200
735 4307 822 4363 ctiam
841 4309 955 4377 propter
973 4304 1104 4375 languide
1124 4305 1256 4360 iteratum

113 4393 232 4461 doqaau
257 4395 326 4449 satis
351 4394 521 4449 confidenter
545 4394 755 4464 interpolationi
778 4393 891 4463 tribuit,
917 4394 1009 4462 qualis
1032 4410 1087 4448 non
1106 4410 1169 4448 raro
1187 4393 1257 4462 ipsis

113 4482 245 4550 epithetis
264 4484 439 4538 cumulandis
458 4484 717 4553 amplificandisque
735 4485 865 4554 grassata
883 4484 927 4550 sit,
947 4483 1024 4554 velut
1041 4502 1067 4536 v.
1088 4489 1139 4536 239
1150 4481 1201 4550 sq]

165 4592 205 4625 ra.
225 4593 376 4626 nrrscnsnrr
395 4593 527 4627 orvscvnn
547 4595 570 4627 v.
1010 4578 1043 4625 30
1106 4642 1109 4647 .
