2940 5004
621 1182 713 1264 Xll.

399 1354 933 1457 Philologisclrelliscellen.

651 1682 679 1746 1.

93 1821 267 1887 Vorrede
305 1844 347 1885 zu
385 1821 451 1885 der
488 1820 667 1906 Ausgabc
705 1821 989 1905 ‘Xenophontis
1027 1821 1237 1908 Expeditio

93 1927 193 2012 Gyri.
228 1928 351 1994 editio
380 1935 517 2014 quarta
552 1929 802 1994 emendatior.
837 1928 945 1993 Halis
974 1926 1165 1994 Saxonum
1200 1931 1237 1995 in

261 2035 427 2101 libraria
451 2036 794 2122 orphanotrophei.
818 2037 1066 2103 Mncccxxxlv?

409 2211 676 2267 LIBRARIVS
708 2211 920 2268 LECTORI

651 2377 677 2425 8.

181 2500 369 2586 Langianae
407 2499 558 2567 editionis
595 2489 743 2587 exempla
779 2501 941 2567 Anabasis
978 2500 1236 2586 Xenophonteae
1249 2529 1271 2569 v

90 2632 163 2674 cum
199 2608 357 2674 distracta
386 2612 509 2693 essent,
544 2609 633 2675 illius
671 2613 781 2674 autem
817 2609 1106 2675 annotatiunculae
1140 2608 1234 2674 hodie

91 2739 156 2781 non
179 2716 343 2781 videretur
366 2715 525 2781 committi
548 2737 644 2799 posse
667 2722 704 2781 ut
731 2716 822 2800 typis
850 2719 1085 2800 repeterentur:
1113 2714 1235 2780 factum

91 2827 154 2905 est,
181 2827 217 2887 ut
244 2845 330 2888 nova
356 2823 463 2888 forma
490 2823 574 2888 liber
603 2823 746 2907 prodeat.
793 2823 882 2900 Quae
911 2844 1107 2908 quamquam
1131 2823 1236 2907 prima
1336 2908 1340 2917 Ι

91 2931 196 3014 specie
223 2951 283 2994 nec
315 2930 355 2994 ab
380 2930 514 2995 editoris
538 2930 697 2994 industria
719 2952 779 2995 nec
802 2931 843 2995 ab
868 2930 1081 2995 scholasticae
1104 2928 1234 2993 institu-

92 3036 190 3100 tionis
218 3037 345 3102 ratione
374 3037 512 3101 multum
541 3037 761 3101 commendari
788 3036 951 3120 videatur,
979 3042 1090 3101 tamen
1122 3058 1234 3120 reapse

90 3147 305 3229 cognoscetur
327 3165 365 3207 eo
390 3148 423 3208 et
446 3143 554 3209 studio
578 3148 610 3208 et
634 3143 769 3210 consilio
788 3143 939 3208 instituta
962 3165 1042 3226 esse,
1065 3164 1128 3227 quo
1147 3142 1234 3207 haud

92 3251 202 3334 paullo
221 3250 383 3334 prioribus
403 3249 600 3315 fructuosior
619 3256 734 3336 quarta
752 3250 833 3316 haec
852 3249 950 3315 editio
969 3250 1118 3314 evaserit.
1149 3250 1234 3316 Nam

89 3378 162 3421 cum
191 3361 389 3423 resectarum
421 3357 670 3423 annotationum
698 3358 823 3423 iactura
854 3357 970 3423 idoneo
999 3356 1109 3441 aliquo
1137 3357 1233 3422 modo

90 3463 328 3546 compensanda
351 3468 445 3551 esset,
468 3465 515 3530 ita
538 3469 648 3529 tamen
673 3469 708 3529 ut
730 3470 864 3550 propter
883 3464 1075 3529 domesticas
1095 3462 1233 3548 discipu-

90 3568 195 3633 lorum
225 3571 369 3636 rationes
404 3593 504 3654 parvo
535 3571 619 3636 liber
651 3577 737 3637 esset
764 3571 935 3656 parabilis:
970 3571 1076 3635 visum
1103 3574 1153 3635 est
1186 3591 1233 3634 se·

89 3676 206 3740 lectam
230 3676 409 3760 scripturae
433 3676 684 3761 discrepantiam
710 3676 844 3743 Graecis
867 3677 1013 3742 subicere
1032 3676 1067 3741 in
1086 3677 1233 3763 margine

88 3782 239 3866 positam.
294 3781 387 3858 Quod
423 3804 488 3847 non
521 3782 706 3848 dubitamus
739 3784 818 3869 quin
850 3784 984 3848 terroris
1021 3784 1233 3868 aliquantum,

89 3911 161 3954 cum
181 3888 322 3973 primum
342 3889 512 3974 audierint,
531 3889 846 3975 intellegentissimis
866 3892 1047 3976 quibusque
1069 3891 1117 3956 rei
1141 3889 1233 3955 scho-

89 3996 221 4062 lasticae
254 3995 413 4061 iudicibus
445 3997 639 4061 iniecturum
673 3997 732 4082 sit,
768 3999 885 4083 quippe
921 3998 1229 4082 perniciosissimam
1244 4023 1278 4064 v1

89 4103 273 4169 scholarum
296 4107 422 4188 pestem
445 4104 606 4188 quandam
636 4105 767 4170 criticae
797 4107 877 4170 artis
907 4107 1135 4171 tractationem
1167 4127 1232 4170 uno

88 4234 143 4276 ore
166 4211 456 4277 conclamantibus.
501 4211 569 4277 Nec
592 4213 679 4277 istud
703 4212 752 4275 illi
781 4234 858 4277 sane
881 4212 1053 4278 immerito.
1098 4211 1233 4276 Verum·

89 4318 252 4383 enimvero
279 4340 345 4385 non
374 4341 430 4384 eae
454 4319 624 4404 appositae
648 4323 724 4383 sunt
753 4319 939 4403 scripturae,
971 4340 1052 4402 quae
1082 4318 1231 4383 criticum

89 4449 182 4492 usum
205 4426 362 4513 habeant,
390 4427 455 4511 vel,
483 4427 511 4492 si
536 4427 677 4512 quando,
700 4424 791 4491 certe
808 4447 874 4491 non
897 4425 982 4510 quod
1006 4446 1078 4490 eum
1102 4424 1232 4511 habent,
