2940 5004
249 358 314 421 522
539 371 800 420 Paouaaouunn
824 372 871 417 un
896 370 1104 417 aa'rrorunvs

249 518 338 581 ldem
363 521 472 581 autem
496 515 575 579 illud
599 515 633 579 in
656 537 684 578 v.
708 515 831 598 269sq.
855 513 942 578 cadit
965 513 1085 577 usitato
1114 513 1230 578 ordine
1255 534 1330 577 sese
1352 532 1399 576 er·

134 604 136 609 Α
248 625 420 708 cipientes:

409 754 442 818 si
455 766 550 818 tamen
564 781 634 832 quos
648 762 765 817 miseros
780 761 903 830 [misere]
924 761 1051 830 maleque
1070 760 1175 815 habeas

410 853 485 920 Quos
521 852 575 907 tibi
592 851 742 916 <obnoxios
774 851 879 921 [facilc]
898 850 1030 920 fecisti.*)

180 1013 233 1053 ccc
248 982 298 1047 Ne
322 982 400 1066 quid
429 986 536 1046 autem
561 980 773 1045 dubitationis
802 979 882 1043 illud
906 983 1038 1044 moveat
1060 978 1146 1063 quod
1168 979 1219 1044 ita
1242 979 1397 1044 contrarii

248 1089 509 1156 collocandorum
542 1110 694 1152 versuum
728 1086 856 1152 ordines
889 1087 995 1151 locum
1028 1087 1182 1152 habuisse
1216 1085 1252 1150 in
1287 1086 1395 1151 eodem

248 1197 389 1262 carmine
418 1195 556 1280 putandi
585 1199 674 1259 sunt:
709 1194 875 1259 sciendum
905 1196 956 1258 est
986 1216 1057 1259 eam
1080 1195 1187 1279 ipsam
1210 1194 1396 1259 inconstan-

248 1305 329 1369 tiam
353 1304 404 1368 vel
426 1307 614 1367 nostrorum
638 1302 783 1367 codicum
802 1302 949 1385 exemplo
974 1301 1182 1367 manifestam
1201 1323 1288 1366 esse:
1313 1302 1394 1386 quod

151 1395 159 1410 ⁹
248 1412 343 1495 quale
368 1410 499 1475 sitiam
523 1409 746 1493 explicandum
771 1431 841 1474 esse
864 1408 957 1473 video
982 1409 1172 1473 accuratius.

337 1515 423 1581 Nam
453 1522 489 1581 ut
516 1516 664 1582 codicum
687 1539 762 1580 mss.
787 1517 820 1580 in
843 1516 905 1581 hoc
929 1537 1059 1601 gencre,
1088 1515 1174 1601 quod
1198 1516 1240 1580 ad
1269 1517 1395 1582 liberio-

248 1647 319 1688 rum
344 1629 520 1706 metrorum
545 1624 786 1708 discriptionem
810 1628 948 1707 spectat,
975 1646 1041 1689 non
1069 1623 1112 1688 sit
1135 1646 1267 1688 summa
1290 1626 1395 1688 aucto·

247 1732 345 1815 ritas,
376 1735 487 1795 tamen
519 1732 622 1795 multo
654 1731 752 1795 ctiam
784 1730 890 1795 minus
922 1730 1079 1796 credenda
1110 1733 1160 1794 est
1193 1730 1286 1793 nulla
1319 1752 1396 1795 esse.

246 1837 296 1902 De
320 1839 537 1903 Ambrosiano
562 1843 594 1903 et
617 1838 727 1903 Veteri
746 1836 895 1902 Palatino
914 1838 948 1903 B
967 1837 1094 1922 loquor:
1117 1858 1193 1900 nam
1214 1841 1394 1902 ceterorum

248 1945 392 2010 omnium
421 1946 486 2010 iam
515 1968 613 2029 supra
640 1945 706 2010 dixi
734 1967 939 2010 communem
968 1967 1039 2009 csse
1066 1944 1340 2010 honorationem
1362 1951 1395 2009 ut

248 2074 378 2136 prorsus
408 2053 538 2118 sublata
567 2053 769 2137 singulorum
799 2074 950 2116 versuum
978 2051 1185 2116 distinctione
1210 2053 1250 2115 ad
1281 2075 1395 2135 prosae

248 2160 405 2225 orationis
434 2160 574 2247 speciem
602 2161 714 2225 omnia
746 2159 946 2224 continuent.
992 2157 1053 2224 Sed
1081 2158 1113 2222 A
1141 2162 1173 2223 et
1201 2159 1237 2224 B
1269 2160 1334 2225 etsi
1364 2161 1395 2225 in

247 2266 429 2332 Trinummi
453 2268 580 2332 cantico
605 2290 624 2331 a
648 2289 746 2332 manu
767 2271 884 2350 poetae
908 2287 949 2330 ne
968 2266 1030 2350 ipsi
1050 2265 1179 2350 quidem
1200 2289 1267 2331 non
1287 2269 1394 2353 aliquo

248 2374 422 2439 intervallo
441 2374 573 2457 distant,
596 2378 706 2438 tamen
725 2375 829 2439 altera
848 2396 886 2438 ex
910 2378 1002 2458 parte
1025 2373 1156 2457 pristini
1181 2374 1307 2439 ordinis
1327 2376 1394 2459 plu·

247 2479 331 2543 rima
359 2481 497 2566 vestigia
526 2486 709 2565 servarunt,
738 2487 835 2567 atque
863 2482 942 2546 adeo
971 2481 1138 2565 aliquanto
1166 2482 1263 2565 plura
1291 2484 1394 2548 Vetus

248 2610 344 2672 quam
364 2588 609 2655 Ambrosianus.
647 2588 747 2654 Cuius
765 2596 875 2655 tamen
895 2589 978 2654 ratio
999 2588 1236 2674 discrepantiae
1256 2592 1392 2674 plerum·

248 2717 309 2779 que
328 2695 408 2760 haec
426 2699 556 2760 tantum
575 2701 633 2782 cst,
657 2697 743 2781 quod
762 2719 843 2780 quos
863 2697 916 2761 ille
939 2718 1051 2761 versus
1075 2694 1269 2780 singillatim
1295 2699 1393 2782 scrip·

245 2808 311 2886 tos,
340 2802 393 2867 hic
417 2803 568 2868 binorum
592 2803 626 2868 in
650 2825 750 2867 unum
774 2804 992 2868 contractione
1022 2804 1229 2868 continuatos
1254 2805 1393 2871 exhibet

246 2909 282 2973 ld
307 2914 415 2975 autem
439 2933 533 2975 omne
564 2910 716 2995 quoniam
740 2911 835 2975 facile
863 2910 1064 2996 intellegitur
1088 2909 1158 2974 sola
1182 2913 1392 2977 annotatione

246 3038 311 3081 non
335 3017 479 3100 potuisse
504 3018 570 3082 ullo
593 3018 689 3082 modo
710 3018 804 3101 quale
823 3022 909 3082 esset
928 3019 1009 3082 satis
1028 3018 1080 3082 vel
1103 3019 1196 3104 plene
1220 3021 1272 3084 vel
1298 3022 1392 3105 plane

246 3123 435 3208 significari,
462 3125 590 3210 integra
618 3124 765 3207 exempla
788 3129 915 3189 exstare
940 3124 1027 3189 volui
1051 3128 1172 3209 quanta
1194 3127 1308 3209 potuit
1331 3129 1391 3193 fide

245 3235 497 3314 repraesentata,
521 3233 662 3315 primum
687 3233 951 3297 membranarum
975 3232 1282 3299 Ambrosianarum:
1313 3236 1390 3301 alte·

245 3358 317 3399 rum
341 3336 469 3402 Veteris
493 3341 626 3405 codicis:
651 3341 767 3425 quibus
792 3341 925 3405 tertium
950 3340 1057 3405 addidi
1081 3341 1144 3403 m'ei
1168 3340 1244 3405 libri
1263 3343 1306 3425 E,
1330 3365 1396 3426 quo·

246 3442 284 3507 de
314 3444 480 3510 Vrsiniani
511 3469 637 3530 quoquc
669 3431 762 3531 eique
793 3446 952 3511 simillimi
980 3445 1148 3511 Decurtati
1178 3446 1288 3511 indole
1319 3471 1391 3514 con-

245 3555 355 3618 staret.
402 3553 546 3630 (lidorum
570 3554 790 3636 exemplorum
814 3553 899 3616 inter
927 3575 961 3618 sa
989 3553 1163 3618 collatione
1192 3554 1308 3639 simul,
1336 3578 1392 3639 per

244 3683 325 3745 quos
353 3665 522 3745 tamquam
555 3661 674 3744 gradus
705 3661 907 3725 saeculorum
939 3660 1074 3732 decursu
1105 3661 1295 3743 depravatio
1327 3685 1390 3728 cre·

244 3768 337 3851 verit,
362 3767 486 3832 utiliter
510 3789 580 3832 esse
604 3771 679 3832 ante
704 3768 815 3833 oculos
841 3767 983 3851 positum
1008 3766 1222 3853 existimo.**)

120 3916 231 3958 cccxlv
333 3875 457 3939 Horum
481 3875 583 3959 igitur
606 3875 827 3959 exemplorum
851 3897 913 3959 ope
936 3876 997 3940 etsi
1022 3875 1231 3940 Ambrosiani
1248 3876 1391 3942 Veteris·

243 4005 304 4067 que
333 4005 406 4046 cum
435 3982 685 4065 discrepantiam
714 3986 785 4046 tum
816 3982 1088 4060 convenientiam,
1117 3981 1173 4065 qui
1201 3982 1307 4066 volet,
1336 4006 1393 4048 nec

349 4231 375 4298 *)
394 4232 480 4301 [Quos
498 4231 550 4285 tibi
566 4226 657 4298 se'cisti
674 4230 805 4285 obadcios
822 4229 923 4297 Trin’]

332 4319 373 4388 **)
394 4320 481 4389 [Haec
505 4318 632 4374 codicum
657 4319 786 4388 exempla
807 4319 873 4372 inde
896 4335 913 4372 a
931 4336 958 4388 p.
979 4333 1041 4373 0001
1064 4335 1153 4388 usque
1176 4320 1259 4392 adp.
1280 4338 1394 4380 occxrfl

243 4409 336 4477 posita
366 4426 437 4463 nunc
469 4410 621 4477 potnerunt
645 4408 752 4476 omitti,
777 4425 840 4463 cum
865 4408 990 4461 comeatu
1016 4408 1046 4461 in
1070 4406 1245 4477 praefatione
1273 4413 1393 4468 alterius

243 4496 399 4551 Trinummi
417 4495 549 4552 editioni·
568 4497 698 4567 legantur
717 4516 743 4566 p.
763 4498 1006 4565 xmv-ssxnvn]
