2992 5004
431 368 693 419 aucunsrronrs
717 370 924 418 rnavrman.
1184 354 1247 420 371

101 508 246 574 brosiani
269 509 461 596 Veterisque
484 513 518 576 in
542 510 648 580 Stichi
672 536 768 579 versu
791 514 821 598 l,
845 515 880 599 3,
903 515 946 579 22
974 514 1136 597 scriptura
1159 503 1248 599 prae·

102 616 192 681 stat?
237 615 303 681 Vbi
335 638 408 682 cum
435 619 469 683 in
491 618 556 686 01)
578 621 707 704 legatur
728 620 872 686 numeris
895 621 993 686 nullis
1017 620 1149 703 Propter
1166 642 1249 703 porr-

97 728 247 806 pertobm
275 723 330 790 hoc
357 727 431 791 adeo
454 747 565 792 cornea
587 729 720 811 repperi,
753 727 1016 812 elegantissimus
1040 749 1079 793 ex
1102 725 1174 791 AB
1196 728 1249 793 hic

103 831 281 896 versiculus
304 832 427 917 prodit:

247 973 386 1061 Propter
408 978 596 1062 pauperiem
619 977 682 1043 hoc
706 980 786 1045 adeo
809 1000 927 1044 nomen
950 981 1089 1066 rc‘pperi.

102 1117 250 1185 Concedo
274 1118 356 1184 talia
380 1141 507 1204 quoque
531 1121 617 1206 apud
639 1121 791 1190 Plautum
814 1122 958 1206 reperiri,
981 1123 1075 1207 quale
1095 1127 1144 1188 est
1165 1125 1251 1190 cedet

102 1229 178 1290 ante
202 1229 431 1290 consonantem
456 1233 640 1313 correptum
659 1227 871 1316 (quamquem
889 1229 1007 1295 horum
1027 1253 1154 1316 quoquc
1172 1253 1248 1315 pars

102 1332 202 1397 alium
234 1332 349 1416 potius
378 1333 576 1418 explicatum
608 1334 735 1423 habet):
770 1357 855 1422 nego
888 1337 1022 1422 reperiri
1049 1338 1084 1402 in
1113 1339 1248 1403 senariis
1321 1343 1331 1353 “

101 1439 251 1504 iambicis
280 1427 537 1525 septenariisque
566 1464 639 1507 cnm
666 1442 841 1509 trochaicis
870 1447 939 1508 tum
968 1444 1130 1529 iambicis,
1164 1465 1248 1530 nego
1288 1527 1289 1531 Ἰ

103 1545 201 1610 etiam
225 1546 260 1609 in
284 1546 411 1611 creticis
435 1552 468 1612 et
490 1548 683 1613 bacchiacis.
724 1549 812 1615 Nam
834 1550 897 1615 hoc
920 1552 1025 1615 teneri
1048 1555 1176 1634 praeter
1199 1571 1248 1615 ce·

103 1656 175 1717 tara
198 1652 287 1737 volo,
314 1653 412 1718 nimis
436 1653 622 1739 neglectum
646 1679 666 1720 a
688 1655 867 1742 plerisque:
899 1656 982 1721 nihil
1007 1658 1041 1722 in
1064 1656 1248 1742 indaganda

101 1759 254 1845 prosodia
268 1760 422 1825 Plautina
439 1762 554 1847 profici
573 1763 636 1827 nisi
656 1762 904 1849 diligentissime
924 1764 1010 1828 inter
1028 1786 1062 1828 se
1086 1763 1248 1829 distinctis

102 1871 279 1933 metrorum
310 1869 492 1953 generibus.
539 1868 590 1934 Ab
622 1870 753 1935 illorum
784 1872 885 1953 enim,
917 1892 998 1955 quae
1023 1869 1103 1953 dixi,
1136 1892 1248 1935 severa

101 1975 318 2041 concinnitate
347 1975 410 2040 dici
431 1977 545 2061 nequit
566 1982 724 2061 quantum
748 1977 847 2043 distet
870 2000 943 2043 cum
967 1979 1248 2062 anapaesticorum
1344 2002 1345 2005 ¹

100 2086 171 2149 tum
204 2084 443 2149 octonariorum
476 2085 622 2149 omnium
654 2085 801 2150 licentia:
834 2085 868 2148 in
898 2085 1015 2169 quibus
1047 2107 1112 2152 non
1145 2106 1249 2170 pauca

101 2189 243 2254 admissa
267 2189 375 2254 sinte
399 2190 600 2257 senariorum
624 2191 942 2277 septenariorumque
973 2192 1134 2278 elegantia
1156 2215 1247 2277 pror·

101 2319 156 2363 sus
184 2296 402 2362 abhorrentia.
448 2295 534 2362 Huic
562 2301 671 2362 autern
700 2299 837 2364 alteram
867 2298 1051 2364 cautionem
1084 2298 1247 2382 quandam

101 2402 279 2468 addendam
306 2402 413 2468 video:
446 2408 482 2469 ut
514 2426 570 2488 ne,
603 2404 688 2490 quod
716 2406 813 2471 certis
842 2405 997 2489 exemplis
1025 2404 1149 2470 factum
1178 2427 1248 2471 csse

102 2513 240 2593 constat,
263 2509 304 2575 ad
327 2514 432 2575 totum
456 2531 558 2596 genus
582 2513 712 2597 aliquod
737 2512 874 2578 calidius
892 2512 1118 2595 transferatur,
1142 2511 1247 2597 qualis

101 2617 309 2682 ratiocinatio
333 2638 430 2703 saepe
452 2616 666 2684 fallacissima
689 2618 799 2684 futura
822 2620 879 2703 sit,
908 2619 964 2684 sed
988 2619 1026 2683 de
1050 2618 1188 2704 singulis
1211 2623 1248 2685 ut
1356 2630 1358 2633 ’

100 2728 133 2789 et
165 2728 341 2809 quaeratur
374 2724 566 2808 singillatim
600 2730 633 2789 et
665 2726 834 2810 speciatim
868 2725 1066 2790 decernatur.
1112 2725 1248 2792 Accedit

99 2832 232 2897 tertium
255 2831 351 2916 idque
375 2831 541 2897 subtilius:
564 2832 777 2916 reputandum
800 2835 850 2897 est
873 2832 959 2897 enim
981 2853 1023 2896 ne
1046 2853 1085 2896 ea
1108 2831 1249 2918 quidem,
1262 2847 1351 2890 01111

100 2960 183 3022 quae
208 2939 284 3024 quia
307 2938 481 3024 aliquando
505 2938 700 3023 factasunt,
724 2961 819 3025 posse
842 2939 913 3003 fieri
937 2938 1174 3005 concedendurn
1194 2939 1247 3022 sit,
1327 2970 1328 2973 ¹

101 3045 270 3111 inferenda
293 3068 363 3111 esse
385 3046 553 3111 liberalius
578 3049 611 3110 et
633 3046 780 3129 cupidius
804 3045 1038 3130 amplectenda,
1061 3046 1117 3111 sed
1136 3045 1245 3131 potius

104 3152 235 3217 sublata
267 3152 464 3240 elegantiam
496 3176 707 3219 numerorum
745 3175 841 3237 saepe
873 3153 1008 3217 mirifice
1046 3175 1177 3241 augere:
1212 3154 1247 3219 id

101 3259 186 3343 quod
209 3260 257 3324 ita
279 3282 359 3345 esse,
380 3261 444 3325 nisi
468 3261 523 3346 qui
545 3282 610 3326 non
635 3264 711 3325 sunt
734 3259 775 3324 ad
799 3259 945 3325 criticam
969 3262 1073 3324 artem
1095 3259 1246 3327 factitan-

103 3365 178 3430 dam
201 3367 279 3450 nati,
302 3389 368 3431 non
391 3367 553 3452 ignorant.
770 3377 772 3382 '

189 3472 251 3564 His
275 3474 377 3559 igitur
400 3465 597 3559 praemissis,
621 3475 737 3559 quibus
761 3474 868 3559 ipsum
892 3473 1017 3538 aditum
1041 3474 1165 3538 munire
1184 3473 1247 3539 dis-

100 3580 280 3664 putationis
305 3602 395 3647 mcac
418 3582 519 3665 volui,
542 3587 579 3647 ut
602 3582 717 3647 ordine
740 3581 949 3666 progrediar,
971 3580 1114 3665 primum
1138 3579 1177 3644 dc
1200 3581 1246 3645 eis

100 3687 415 3773 correptionibus
443 3688 564 3772 dicam,
594 3711 676 3773 quac
704 3690 743 3754 in
767 3688 907 3753 mediis
931 3684 1132 3752 vocabulis
1156 3687 1246 3752 fiunt.

100 3794 208 3880 Atque
233 3795 376 3861 omniurn
399 3793 661 3880 frequentissime
685 3818 758 3861 cum
778 3797 906 3860 constet
924 3794 1011 3858 vitae
1030 3815 1091 3858 usu
1110 3792 1246 3860 detritas

100 3901 165 3966 ille
185 3902 256 3968 iste
278 3922 353 3968 esse
374 3922 493 3968 eccum
515 3902 647 3968 voculas
667 3901 797 3985 corripi,
815 3902 932 3985 quibus
953 3900 1121 3985 aliquanto
1140 3900 1246 3965 rarius

102 4014 287 4095 correptum
310 4013 388 4094 ipse
411 4010 535 4076 accedit
553 4008 605 4095 (ut
623 4033 651 4075 v.
666 4010 741 4074 901.
755 4009 831 4092 902,
853 4030 918 4072 non
942 4003 1042 4092 928ss
1061 4010 1171 4071 tamen
1194 4007 1246 4070 his

101 4156 273 4163 -m-...ffi
284 4158 313 4162 .-

101 4239 166 4277 rara
183 4222 250 4291 init,
274 4222 447 4278 correctricis
470 4238 570 4285 manus
595 4238 680 4291 opera
697 4221 727 4275 in
745 4219 912 4291 rofingondis
931 4216 1168 4285 resarciendisquc
1185 4232 1246 4271 var-

101 4310 178 4365 sibus
196 4313 371 4381 consumpta,
390 4328 478 4381 eaque
496 4327 531 4366 cx
549 4309 707 4379 antiquiora
726 4311 818 4365 aetate
837 4308 991 4379 repetenda
1008 4323 1092 4376 qnam
1111 4323 1168 4376 qua
1184 4306 1246 4376 ipsa

100 4398 252 4455 Bembinna
274 4400 347 4456 libor
369 4399 488 4471 scriptus
511 4402 565 4455 est:
599 4398 710 4469 longius
733 4400 828 4453 autern
851 4414 869 4452 a
891 4395 1061 4451 Terentiana
1082 4395 1246 4466 integritate

100 4487 261 4558 Bembinus‚
282 4505 365 4558 qnam
384 4505 403 4542 a
420 4489 550 4544 Plautina
569 4487 769 4543 Ambrosianus
788 4488 875 4542 abest.

978 4574 1033 4630 24*
