2992 5004
415 364 680 414 nuanoamoms
704 363 912 414 parvumne.
1172 349 1238 414 335

93 505 135 594 ΙΙ,
158 511 188 595 2,
211 511 233 576 5
256 533 321 577 non
345 516 422 576 sunt
443 513 581 594 equidem
603 513 632 578 si
653 513 712 577 seis
735 517 797 577 tate
820 512 1003 598 iungenda,v
1023 511 1079 577 sed
1102 513 1239 594 equidem

91 618 272 701 particulae
295 620 494 684 constructio
518 642 575 703 per
598 620 782 703 proximum
805 641 933 684 versum
958 620 1189 685 continuanda:

138 745 308 865 Equidem,
333 763 361 826 si
385 763 448 827 scis
471 766 543 827 trite
567 765 646 845 quot
668 761 764 827 hodie
788 763 909 827 habeas
933 759 1054 846 digitos
1078 761 1111 826 in
1132 784 1238 846 manu,

137 867 232 952 Egon
256 868 328 932 dem
352 868 470 954 pignus
494 868 624 933 tecum?

94 1011 140 1076 sic
163 1010 250 1076 enim
273 1011 353 1077 haec
377 1011 548 1076 scribenda
571 1011 705 1076 ducibus
728 1011 831 1096 libris,
855 1012 886 1076 in
912 1014 1094 1097 quorumA
1118 1029 1237 1078 uacuo

96 1108 242 1182 ”mnus
263 1119 434 1203 apparuit,
450 1119 484 1184 in
508 1117 541 1182 B
565 1123 614 1183 est
636 1119 795 1184 Romam
811 1118 936 1202 pipard
953 1091 993 1183 'ii
1016 1119 1044 1185 0
1063 1120 1149 1204 quod
1171 1121 1238 1184 vul·

94 1227 190 1308 gatur
221 1225 340 1290 Eodem
366 1227 497 1310 piqrme:
530 1248 596 1292 non
629 1230 737 1290 antem
770 1226 916 1310 profacto
950 1228 1023 1309 plus
1052 1226 1238 1292 offensionis

95 1329 214 1395 babere
244 1333 329 1396 inter
359 1355 394 1398 sc
423 1333 584 1417 dirempta
613 1334 750 1415 equidem
773 1369 814 1378 —-
838 1353 890 1416 eqo
918 1333 1113 1398 videbuntur
1141 1356 1238 1419 quam

94 1437 191 1503 Mero.
215 1438 256 1522 II,
284 1442 310 1523 1,
333 1441 377 1504 40
399 1440 492 1505 iuxta
514 1440 635 1524 posita:
672 1441 791 1504 Amaci
812 1439 909 1504 hercle
931 1442 1067 1522 equidem
1090 1462 1142 1524 eqo
1164 1442 1239 1506 olim

91 1548 127 1610 ia
149 1547 363 1612 adulescentia.
408 1547 594 1613 Inauditum
618 1552 668 1611 est
691 1550 800 1612 autem
824 1569 863 1612 ea
885 1551 1062 1632 potestate,
1091 1571 1155 1633 qua
1177 1570 1238 1613 nos

91 1653 158 1716 aad
185 1674 271 1718 amor
300 1655 449 1740 dicimus,
481 1656 626 1739 positum
658 1654 794 1736 muudum
823 1676 883 1738 pro
913 1656 1051 1737 quidem:
1088 1655 1239 1739 quocirca

92 1758 178 1826 haud
202 1765 389 1827 cunctanter
412 1761 541 1846 Epidici
564 1760 621 1845 IV,
645 1762 675 1844 2,
698 1761 741 1826 33
765 1761 983 1845 reponendum
1008 1739 1239 1830 idamaeam

90 1860 217 1950 quidem
244 1870 382 1935 dicebant
408 1870 522 1935 maresc.
569 1869 707 1933 Restant
735 1868 799 1933 tria
828 1869 899 1933 sola
921 1869 1071 1952 exempla
1095 1868 1237 1954 (quaudo
1336 1902 1341 1913 ·

94 1974 275 2041 'lbinummi
312 2000 338 2041 v.
362 1977 427 2041 352
460 1977 598 2059 equalem
629 1998 695 2041 non
728 1980 778 2040 est
805 1974 962 2040 Palatinis
995 1996 1067 2039 cum
1092 1977 1124 2040 A
1154 1998 1237 2042 com-

91 2082 217 2167 mune),
248 2082 427 2168 horumque
455 2083 518 2148 duo
547 2083 594 2148 ita
617 2088 806 2168 comparata
828 2087 877 2165 ut,
910 2080 1179 2167 quemadmodum
1203 2085 1238 2148 in
1252 2105 1352 2146 Lxxlx

92 2189 224 2273 reliquis
252 2213 353 2275 prope
382 2190 533 2254 omnibus
562 2185 629 2276 (me
651 2190 786 2271 quem,
819 2190 899 2254 decet
921 2194 953 2253 te
981 2191 1116 2271 quidem,
1147 2197 1238 2273 alque

92 2297 228 2378 quidem,
260 2297 453 2363 madescat}
475 2294 626 2382 qm'dem),
658 2298 847 2382 contiguam
874 2318 890 2361 e
918 2296 1059 2361 litteram
1089 2319 1237 2363 caussam

91 2403 197 2468 fuisse
221 2405 339 2471 erroris
364 2410 528 2489 appareat,
551 2402 619 2467 Mil.
642 2403 816 2488 111‚1,„54.
840 2400 929 2466 Trin.
944 2402 1024 2467 611:

152 2527 258 2631 itque
283 2545 459 2632 [elquidcm
483 2546 580 2634 plane
603 2545 773 2611 educatum
796 2545 832 2610 in
854 2545 1019 2610 nutricatu
1043 2544 1193 2613 Ve'ncrio.

149 2635 259 2739 litque
284 2654 461 2739 [e]quidem
485 2655 575 2739 ipsus
598 2653 686 2719 ultro
710 2653 799 2718 uenit
821 2650 934 2718 Philto
959 2656 1087 2716 oratum
1111 2651 1193 2720 sssio.

94 2794 215 2879 Ecquis
243 2797 344 2882 igitur
371 2798 436 2861 iam
465 2796 630 2863 dubitabit
653 2795 757 2862 Stichi
780 2817 907 2881 quoque
930 2798 1038 2859 versui
1061 2795 1118 2880 IV,
1144 2800 1171 2880 1,
1194 2798 1237 2862 48

91 2902 181 2967 Du'm
211 2906 334 2987 quidem
364 2905 462 2970 hercle
492 2904 573 2987 quo‘d
600 2904 693 2968 ederet
721 2904 820 2969 addas
849 2901 980 2967 reddere
1010 2902 1133 2967 usitata
1164 2904 1238 2966 drrm

91 2997 284 3095 particulae,
317 3017 354 3076 ut
383 3010 471 3075 Trin.
502 3011 559 3094 58,
591 3011 792 3074 intentione?
844 3009 920 3074 Non
950 3013 1094 3074 recurret
1123 3011 1238 3094 opinor

93 3116 184 3182 furca
207 3117 376 3203 expulsum
400 3117 583 3202 equidem.*)

184 3225 235 3289 Ab
255 3226 381 3309 horum,
405 3246 487 3310 quae
511 3246 581 3289 esse
605 3231 695 3290 certa
713 3228 834 3311 putem,
857 3225 1012 3290 societate
1036 3225 1238 3310 segreganda

93 3337 182 3414 sunt,
212 3331 251 3395 dc
279 3333 397 3415 quibus
426 3333 500 3397 rolo
528 3330 569 3395 cb
600 3331 672 3396 aliis
701 3330 819 3396 doceri.
865 3330 965 3397 Velut
993 3354 1066 3396 cum
1090 3333 1237 3398 crebrum

94 3459 166 3501 esse
190 3437 343 3503 Plautum
367 3439 551 3523 glossarum
574 3440 827 3505 reconditioram
852 3462 912 3504 usu
936 3443 1077 3523 constet,
1101 3461 1237 3524 quarum

96 3542 216 3608 multae
244 3544 278 3609 in
307 3545 427 3610 nostris
451 3545 543 3609 libris
575 3545 767 3611 obscuratae
798 3551 887 3631 sunt,
922 3546 984 3610 erit
1013 3544 1152 3612 fortasse
1182 3547 1238 3630 qui

45 3690 71 3736 .·
93 3672 152 3736 pro
181 3673 219 3716 co
247 3650 333 3735 qnod
361 3674 390 3715 v.
413 3651 479 3715 492
508 3650 659 3736 vulgatur
685 3652 825 3717 catellum
852 3654 917 3718 tale
945 3654 1139 3719 vocabulum
1163 3653 1238 3717 sub·

95 3758 273 3842 ministret,
304 3757 389 3842 quod
418 3763 451 3823 ct
480 3759 513 3824 in
542 3759 755 3825 Ambrosiani
779 3761 967 3826 memoriam
992 3779 1056 3827 sn‘r
1071 3807 1080 3826 .
1096 3778 1118 3824 n
1134 3807 1144 3826 .
1160 3805 1169 3824 .
1186 3806 1195 3825 .
1211 3777 1236 3823 n

95 3867 267 3930 conveniat
290 3870 322 3930 et
340 3865 467 3930 hiatum
487 3867 534 3931 ite
553 3866 647 3931 tollat
666 3869 703 3930 ut
721 3888 788 3931 non
807 3889 889 3951 opus
913 3868 957 3933 sit
979 3869 1102 3933 autumi
1123 3867 1237 3932 forma.
1298 3913 1301 3918 -

94 3971 229 4037 Vtinam
251 3973 353 4058 igitur
375 3973 409 4038 in
432 3973 571 4038 vetustis
595 3973 764 4058 glossariis
787 3974 866 4058 illis,
895 3997 1032 4059 quorum
1059 3996 1145 4040 nunc
1171 3974 1237 4038 lau-

93 4084 162 4144 tam
196 4078 371 4145 editionem
404 4102 423 4144 a
455 4078 491 4143 G.
514 4076 550 4144 F.
574 4077 797 4145 Hildebrando
827 4082 938 4165 parari
968 4082 1142 4165 laetamur,
1171 4081 1237 4145 tale

183 4310 209 4379 η
229 4308 283 4380 [ne
302 4310 424 4379 auream
442 4307 583 4379 paruam
601 4273 873 4364 amensamens
892 4310 1040 4366 nicaenus
1058 4313 1237 4382 argumenta·

93 4398 166 4453 tioui
188 4399 218 4452 iu
237 4399 385 4469 ‘Beitrlge
408 4417 455 4453 rur
473 4399 563 4453 Lehrc
583 4414 608 4454 r.
628 4399 653 4451 d.
673 4397 721 4452 lat
741 4398 900 4454 Partiksln'
926 4400 1050 4469 (Lipsiae
1070 4402 1158 4471 1869),
1195 4401 1235 4458 Oi.

93 4487 185 4542 Triu.²
202 4506 265 4544 ann.
285 4489 322 4543 ed
341 4507 366 4543 v.
385 4493 446 4542 ³⁶2.
466 4489 539 4559 om]
