2992 5004
440 332 706 405 annunarrorus
730 357 935 405 nnsvnrnnn.
1194 340 1257 406 381

205 493 256 558 lta
279 493 385 560 omnis
409 496 449 562 de
472 503 559 564 tecto
583 499 770 566 deturbanit
792 501 930 585 tegulas.

204 600 256 666 Ita
280 605 391 668 ornnes
415 605 578 690 mortales,
602 605 633 671 si
654 606 728 690 quid
752 611 803 672 est
826 605 906 671 mali
926 606 1043 691 lenoni,
1067 606 1224 693 gaudent:

115 746 236 828 partim
255 767 272 809 e
291 746 405 812 mediis
425 750 579 833 versibus,
597 751 635 813 ut
653 748 733 814 Oist.
743 747 783 834 V,
795 752 822 816 1.
845 747 911 814 Mil.
926 749 951 833 Ι,
969 752 996 833 1,
1010 750 1062 815 55.
1084 748 1143 834 ΙΠ,
1161 752 1188 834 1,
1203 751 1258 815 65;

112 984 119 996 .
205 887 288 964 Quid
311 890 374 955 boc
396 891 550 977 negotist,
574 891 658 977 qu6d
684 913 796 957 omnes
819 891 966 957 homines
990 891 1178 958 fabulantur
1201 894 1260 977 per

967 1022 1064 1065 nram.

205 1102 288 1181 Quid
311 1103 377 1170 t1‘bi
401 1126 461 1192 ego
485 1105 605 1191 dicam,
628 1107 714 1191 quod
738 1129 850 1172 omnes
873 1107 1026 1173 mortales
1050 1109 1165 1173 sciunt.

204 1210 410 1297 Lepidiorem
442 1213 482 1279 ad
515 1214 620 1280 omnis
658 1237 709 1281 res
741 1236 801 1280 nec
835 1215 890 1299 qui
923 1213 1027 1280 amico
1061 1215 1104 1280 sit
1136 1216 1259 1281 amiciis

886 1384 888 1389 .
967 1344 1082 1410 magis,

113 1485 191 1528 nam
213 1462 293 1528 haec
317 1463 410 1529 unice
435 1487 511 1530 vera
534 1465 702 1551 scriptura
745 1465 853 1551 Atque
877 1465 958 1532 haec
981 1466 1020 1530 de
1044 1465 1259 1530 severioribus

116 1571 290 1656 generibus
319 1575 498 1637 metrorum
526 1577 656 1656 sumpta
680 1577 769 1638 sunt:
802 1596 865 1659 quo
889 1573 996 1638 minus
1019 1572 1203 1638 mirandum
1226 1573 1259 1637 in

117 1676 324 1744 liberioribus
349 1680 449 1745 omnis
472 1679 590 1763 corripi
614 1678 691 1745 cist.
715 1679 740 1763 Ι,
766 1681 794 1763 1,
817 1680 846 1745 6.
878 1679 996 1745 Persae
1020 1679 1059 1764 V,
1086 1683 1113 1764 1,
1137 1680 1170 1744 8:

205 1805 257 1886 ita
280 1821 430 1887 omnibus
454 1821 577 1888 relictis
600 1823 696 1887 rebus
720 1819 803 1887 mssri
825 1822 1025 1908 frequentem
1051 1824 1183 1908 operam
1207 1823 1259 1886 de·

968 1930 1070 1996 distis.

205 2002 294 2099 linde
318 2056 379 2121 ego
403 2035 508 2101 omnis
531 2035 653 2102 hilaros
676 2037 820 2102 lnbentis
848 2037 1058 2103 laetificantis
1080 2037 1197 2103 faciam
1221 2040 1260 2101 nt

967 2145 1056 2211 fiant

115 2283 201 2350 Hinc
225 2284 289 2350 iam
312 2285 448 2351 iudicari
472 2246 639 2352 dessdubiis
663 2289 786 2372 potest:
810 2287 901 2352 velut
919 2286 1017 2353 Poen.
1027 2286 1067 2370 V,
1082 2288 1111 2372 2,
1126 2288 1169 2352 95
1191 2308 1258 2352 non
1272 2306 1398 2350 cxxxrn

116 2392 197 2457 satis
221 2414 291 2457 esse
315 2414 448 2458 caussae
472 2398 608 2479 apparet
631 2415 688 2459 cur
711 2394 758 2460 sic
781 2393 989 2479 transpositis
1009 2395 1126 2480 verbis,
1148 2396 1182 2460 di
1198 2416 1259 2460 om·

115 2518 169 2564 nas
191 2498 247 2562 tobi
268 2499 348 2578 dent,
371 2500 451 2565 fides
474 2500 633 2565 librorum
656 2502 872 2587 relinquatur:

205 2640 298 2708 Vnde‘
321 2665 393 2708 snm
417 2644 581 2709 oriundus.
626 2642 672 2708 D1‘
692 2643 769 2709 dent
790 2645 852 2710 tibi
875 2667 987 2710 omnes
1011 2647 1092 2731 quae
1115 2646 1207 2712 uelis.

116 2780 224 2848 Minus
257 2786 358 2851 etiam
390 2808 523 2853 caussae
556 2792 607 2851 est
639 2809 694 2851 cur
720 2787 863 2853 Andriae
886 2787 945 2871 IV,
968 2788 1001 2870 2,
1027 2790 1065 2854 ll
1100 2788 1155 2853 tciri
1187 2810 1259 2852 cum

117 2889 268 2958 Bentleio
293 2892 451 2958 deleatur:

205 3035 267 3102 Per
296 3034 401 3102 omnis
425 3037 485 3102 tibi
509 3037 621 3103 adiuro
649 3038 740 3122 deos,
773 3061 949 3123 numquam
978 3024 1049 3103 iam
1076 3059 1128 3104 me
1156 3038 1261 3103 doser-

969 3148 1088 3211 turum.

119 3250 225 3336 Ipsius
249 3251 432 3317 Trinummi
454 3277 484 3319 v.
509 3254 550 3319 78
578 3276 664 3320 nunc
687 3254 889 3342 intellegitur
912 3275 971 3320 nec
994 3275 1064 3318 esse
1088 3251 1127 3317 de
1150 3275 1260 3318 mono-

119 3359 248 3444 syllabo
275 3361 351 3442 quio
378 3360 602 3446 cogitandum,
632 3362 717 3446 qnod
744 3361 853 3428 neseio
883 3384 925 3426 an
947 3364 1032 3427 recto
1055 3382 1158 3446 nuper
1179 3359 1261 3425 Her-

118 3487 255 3533 mannus
286 3467 456 3552 negaverit
487 3489 642 3553 umquam
674 3469 780 3535 locum
812 3469 947 3553 habere,
984 3489 1042 3533 nec
1079 3467 1262 3533 duriuscule

120 3590 202 3672 Quo
219 3592 320 3659 omnis
338 3579 430 3658 oinos
449 3592 601 3676 bendaque
619 3593 904 3680 pronuntiandum,
924 3593 980 3659 sed
999 3593 1046 3658 sic
1064 3593 1262 3657 metiendum
1373 3587 1375 3593 ’

121 3697 204 3779 Quia
229 3699 329 3766 boob
356 3701 458 3766 bonos.
504 3699 567 3767 Sed
593 3701 692 3766 latius
716 3703 813 3767 etiam
836 3703 885 3767 vis
908 3704 999 3786 patet
1022 3698 1262 3766 demonstratae

118 3806 218 3873 ὄνκπίε
241 3808 457 3896 mensurae.*)
503 3808 591 3874 Nam
614 3831 697 3893 quae
719 3809 926 3875 liberioribus
952 3829 1028 3874 sane
1053 3808 1165 3873 metris
1188 3830 1262 3872 con·

120 3936 211 3980 cessa
248 3920 298 3981 est
334 3918 418 3997 inm,
454 3918 485 3982 io
522 3915 724 4002 syllabarum
762 3917 934 4000 spumosis,
971 3920 1008 3981 ut
1044 3914 1262 4002 anapaesticis

119 4020 208 4088 Trin.
235 4023 332 4089 1115:

208 4164 271 4230 Hic
294 4166 425 4232 homost
449 4165 594 4231 omnium
617 4166 786 4231 hominnm
810 4167 1000 4251 praecipuos

119 4304 189 4390 (ubi
224 4307 539 4392 transponendorum
573 4308 733 4373 boninum
760 4310 899 4373 omnium
937 4309 997 4389 [sic
1026 4304 1142 4389 'l’rin.²]
1171 4309 1263 4373 nulla

190 4481 215 4551 ³)
235 4481 288 4554 [Ol.
303 4483 469 4540 Muellerum
484 4486 519 4542 de
533 4503 605 4555 pros.
621 4484 717 4541 Plauti
734 4503 761 4556 p.
772 4489 837 4553 3683
857 4484 958 4555 Opnse.
972 4485 1041 4555 phil.
1058 4485 1096 4539 lll
1110 4503 1136 4555 p.
1150 4490 1200 4538 180
1207 4485 1262 4556 sq]
