2992 5004
234 314 301 380 320
523 331 787 380 raonnoouann
810 331 857 378 nn
883 332 1092 380 narroumvs

236 480 286 541 est
307 477 604 562 orthographicum.
650 478 687 543 In
718 500 782 563 quo
811 475 874 542 etsi
901 477 1058 561 quasdam
1089 476 1211 542 formas
1239 499 1278 541 ex
1301 478 1384 542 anti·

234 585 358 668 quitate
381 586 536 670 repetitas
560 586 592 649 A
615 608 744 670 quoque
768 587 858 651 solus
881 585 1038 668 serravit,
1065 588 1102 648 ut
1123 591 1257 650 aunem
1279 608 1308 649 v.
1332 585 1384 667 63,

232 699 424 775 conamptor
442 694 516 777 239,
536 694 652 774 factast
668 695 721 778 43,
740 694 816 777 alia,
837 698 948 759 tamen
967 693 995 757 si
1015 715 1032 756 e
1051 692 1260 756 multitudine
1278 714 1383 758 exem·

234 799 361 882 plorum
389 798 543 863 iudicium
571 798 686 881 facias,
720 799 783 864 dici
812 799 866 863 vix
893 802 1003 884 potest
1031 803 1153 883 quanto
1180 800 1314 884 propius
1343 801 1383 865 ad

234 907 336 989 ipsius
359 911 475 991 poetae
499 910 640 971 aetatem
663 905 889 970 Palatinorum
912 908 962 971 vel
987 912 1024 971 ut
1052 907 1172 970 rectius
1195 906 1300 984 dicam
1325 907 1383 972 Pa·

234 1013 328 1078 latini
352 1013 385 1077 B
408 1014 566 1078 memoria
596 1035 693 1098 quam
718 1015 927 1079 Ambrosiani
950 1014 1091 1097 accedat,
1119 1015 1240 1097 inquo
1265 1014 1386 1096 saepis·

235 1122 315 1185 sime
344 1142 428 1203 arm,
458 1124 557 1204 cerlo,
586 1121 707 1200 anterus,
737 1127 782 1186 est
809 1121 938 1206 legatur
967 1121 1024 1185 ubi
1053 1122 1192 1205 priscam
1224 1120 1385 1186 scribendi

235 1229 394 1292 rationem
421 1248 528 1314 parone,
554 1234 656 1312 corto,
683 1230 800 1309 saluos,
828 1234 858 1292 st
884 1233 918 1293 et
944 1228 978 1292 id
1007 1248 1110 1313 genus
1132 1229 1259 1313 reliqua
1281 1227 1386 1292 Vetus

234 1335 290 1399 ille
313 1334 503 1419 plerumque
527 1335 616 1400 solus
639 1339 788 1401 testatur.

324 1441 414 1519 Quae
437 1464 510 1506 cum
534 1443 580 1506 ita
604 1443 679 1526 sint,
702 1443 910 1528 consequitur
933 1446 970 1507 ut
987 1442 1039 1507 hic
1058 1464 1186 1527 quoque
1205 1449 1243 1508 ut
1262 1444 1383 1529 ubique

235 1570 371 1635 regnare
393 1549 585 1615 rationem
604 1549 720 1614 debere
738 1550 976 1634 intellegamus,
999 1571 1063 1634 qua
1081 1550 1168 1634 quod
1188 1554 1303 1634 suapte
1322 1552 1387 1615 vir·

236 1661 305 1743 tute
329 1659 474 1741 praestet
497 1663 529 1722 et
552 1657 584 1721 in
605 1658 684 1722 artis
703 1661 875 1741 praecepta
894 1656 1088 1742 linguaeque
1106 1657 1194 1742 leges
1214 1659 1248 1720 et
1266 1663 1385 1740 poetae

236 1765 403 1851 ingenium
422 1764 603 1849 conveniat,
627 1763 808 1850 deligamus
828 1768 861 1828 et
879 1767 1008 1848 praetor
1025 1763 1158 1828 testium
1178 1764 1386 1849 quantumvis

236 1877 438 1938 vetustorum
453 1873 666 1937 reverentiam
681 1872 865 1956 probemus.
897 1871 966 1936 Nec
985 1871 1087 1956 igitur
1100 1875 1280 1955 propterea,
1300 1871 1385 1957 quod

170 2003 225 2042 mu
240 1981 360 2065 aliquid
384 1981 452 2045 sive
470 1981 503 2046 A
526 1980 631 2045 solum
656 1979 724 2043 sive
747 1979 835 2043 solos
854 1977 956 2043 BGD
978 1982 1080 2043 testes
1103 1977 1211 2056 habet,
1234 1978 1309 2042 ilico
1328 1983 1387 2042 aut

235 2085 495 2170 amplectendum
523 2090 580 2150 aut
607 2084 822 2150 aversandum
856 2107 940 2168 esse,
970 2087 1070 2151 etiam
1101 2085 1157 2170 qui
1186 2085 1296 2150 indole
1327 2108 1387 2150 sua
1483 2172 1486 2177 ῃ

237 2193 276 2257 ad
300 2192 505 2258 iudicandum
528 2214 625 2276 quam
645 2191 685 2256 ad
705 2191 895 2256 credendum
919 2192 1078 2257 tardiores
1102 2193 1169 2257 sint
1187 2192 1384 2277 intellegant

236 2304 374 2383 oportet.
393 2298 479 2376 -Qui
504 2299 633 2382 quidem
656 2298 797 2363 viderint
820 2299 893 2382 ipsi,
916 2322 980 2384 quo
1003 2299 1134 2364 tandem
1154 2298 1224 2364 iure
1244 2303 1302 2364 aut
1319 2323 1384 2384 qua

236 2407 344 2489 potius
368 2407 485 2470 mentis
509 2407 576 2470 sive
600 2407 756 2470 caecitate
780 2406 846 2469 sive
871 2406 1091 2471 obstinatione
1114 2409 1234 2490 negent
1253 2427 1311 2489 per
1328 2429 1385 2470 sex

237 2518 400 2597 septemve
430 2514 572 2597 saecula,
600 2535 682 2598 quae
705 2511 790 2575 inter
812 2513 922 2577 vivum
945 2514 1326 2598 rigantemquepoetam
1352 2517 1386 2577 et

236 2621 392 2704 scriptum
421 2619 674 2685 Ambrosianum
701 2619 872 2684 interiecta
899 2624 987 2704 sunt,
1017 2643 1056 2685 ea
1079 2621 1166 2686 factu
1189 2642 1272 2702 esse,
1302 2640 1386 2703 quae

237 2750 309 2793 cum
340 2751 359 2792 a
390 2728 502 2810 scripti
533 2748 553 2803 γ
583 2729 729 2810 tempore
762 2726 803 2790 ad
837 2726 1062 2793 duodecimum
1095 2728 1260 2794 saeculum
1291 2726 1380 2792 facta

237 2859 306 2901 esse
329 2836 500 2901 Palatinus
523 2835 557 2899 B
580 2834 729 2898 ostendat
752 2855 825 2898 cum
845 2833 909 2898 01)
931 2836 1077 2918 collatus,
1100 2840 1171 2899 tum
1194 2835 1274 2900 adeo
1298 2834 1386 2898 inter

238 2945 431 3028 scriptorum
455 2945 487 3007 A
512 2947 544 3007 et
567 2963 588 3006 α
611 2945 759 3024 tempora
783 2962 852 3005 esse
875 2941 963 3005 facta
986 2942 1071 3006 idem
1089 2940 1123 3006 B
1142 2964 1214 3006 cum
1234 2942 1385 3026 cognatis

237 3052 359 3116 doceat
391 3051 437 3115 Et
455 3055 564 3115 tamen
583 3049 662 3113 haec
681 3049 732 3112 vel
751 3048 874 3112 leviora
892 3052 969 3112 sunt
988 3069 1065 3130 prae
1084 3070 1197 3113 eorum
1211 3047 1385 3130 evidentia,

238 3179 319 3241 quae
343 3157 428 3221 inter
451 3157 646 3239 scriptorum
671 3156 704 3221 A
727 3160 760 3219 et
783 3155 817 3218 B
839 3159 987 3238 tempora
1006 3176 1075 3219 esse
1094 3159 1229 3240 peecata
1247 3155 1395 3219 alteram

237 3265 270 3328 in
286 3268 412 3347 partem
428 3265 537 3328 valens
551 3262 775 3327 Palatinorum
789 3261 1062 3347 Ambrosianique
1078 3262 1279 3346 comparatio
1295 3284 1385 3326 mon-

238 3376 327 3436 stret.
372 3370 457 3436 Nam
487 3376 524 3435 ut
547 3371 610 3437 hue
633 3370 764 3434 tandem
789 3369 971 3454 deveniam,
1000 3370 1105 3435 adhuc
1129 3392 1186 3454 per
1210 3370 1291 3434 vitia
1313 3375 1385 3434 tan-

237 3483 307 3544 tum
335 3479 516 3561 descriptus
546 3478 784 3543 Ambrosianus
815 3482 938 3560 quanta
968 3501 1006 3541 ex
1040 3479 1143 3543 altera
1174 3481 1265 3561 parte
1296 3498 1387 3560 prae·

238 3587 378 3650 stantiae
400 3585 495 3649 laude
519 3587 660 3650 emineat
682 3590 714 3650 et
737 3606 814 3668 prae
840 3583 1063 3649 Palatinorum
1089 3586 1233 3650 bonitate
1252 3604 1385 3666 prorsus

238 3692 491 3778 exsplendeseat,
513 3693 610 3776 longe
628 3693 787 3776 longeque
806 3713 904 3775 quam
922 3691 1075 3755 vitiorum
1100 3692 1204 3756 maior
1226 3690 1386 3754 virtutum

238 3799 411 3866 multitudo
430 3805 498 3864 tam
517 3799 695 3863 luculenter
715 3797 843 3882 probat,
862 3801 899 3861 ut
916 3802 1056 3881 nequeat
1075 3797 1278 3863 contradici.
1310 3794 1386 3862 Sive

238 3910 322 3972 enim
352 3930 453 3993 prava
481 3907 702 3971 additamenta
730 3911 872 3989 spectas,
901 3905 988 3970 solus
1016 3905 1058 3969 ab
1086 3905 1137 3969 his
1165 3905 1247 3969 liber
1274 3905 1306 3968 A
1336 3911 1387 3970 est

178 4084 184 4101 Ι
238 4016 326 4080 velut
349 4016 478 4080 omissis
502 4038 531 4079 v.
554 4015 597 4079 23
621 4034 684 4077 non
707 4013 801 4094 mola,
825 4014 868 4077 52
892 4013 971 4096 berse,
995 4013 1060 4077 209
1081 4013 1177 4095 factu,
1200 4012 1266 4076 242
1288 4014 1385 4094 aupit-

238 4124 319 4207 tutis,
342 4123 407 4187 298
431 4128 467 4206 et,
490 4123 555 4187 306
574 4123 616 4204 aa,
640 4120 702 4184 321
724 4141 795 4196 aon,
819 4119 884 4183 339
907 4119 996 4200 qaod,
1020 4119 1295 4200 molemonium,
1319 4118 1383 4183 351

237 4250 333 4311 alenc,
362 4234 394 4293 et
423 4231 528 4314 magis
557 4227 761 4294 memorabili
789 4226 937 4310 exemplo
966 4231 1042 4311 post
1071 4249 1097 4290 v.
1123 4227 1164 4290 72
1188 4225 1245 4288 illo
1274 4247 1385 4308 panno

238 4335 296 4399 Sile
320 4339 484 4399 imnartore
512 4337 563 4400 aas
590 4336 747 4418 inpertiam
775 4333 925 4397 melibeis:
955 4333 1023 4396 sive
1047 4335 1173 4415 spectas
1197 4330 1386 4395 vocularum

238 4442 501 4526 syllabarumque
525 4443 666 4525 lacunas,
690 4464 743 4506 eas
768 4442 855 4504 solus
880 4441 912 4503 A
936 4440 1066 4523 supplet
1089 4440 1177 4503 velut
1200 4461 1227 4502 v.
1251 4438 1294 4502 46
1319 4462 1385 4504 ser-
