2918 5004
261 333 326 398 658
581 403 584 407 ,
638 349 871 411 stramiacus
894 349 1025 398 sunus.

260 498 403 578 atquae
426 490 504 558 olim
533 493 640 576 palam
664 495 697 557 et
719 496 830 577 aperte
858 496 1033 579 agerentur
1062 514 1185 559 coram
1216 493 1346 579 populo
1369 493 1426 557 uui·

261 621 370 684 verso,
406 599 518 666 eadem
553 599 650 665 hodie
680 600 763 665 clam
794 600 876 665 fiant
905 600 957 665 uel
987 622 1126 665 caussas
1161 603 1260 665 certe
1294 600 1425 665 habeant

260 709 330 771 tum
353 729 412 792 per
435 728 470 771 se
494 707 649 773 obscuras
672 710 742 771 tum
771 707 918 772 consulto
946 706 1167 791 obscuratas,
1198 729 1241 772 ex
1273 729 1341 793 quo
1367 707 1423 792 qui·

260 814 334 879 dem
357 812 534 879 salutarius
557 814 663 879 visum
687 818 737 879 est
760 813 869 879 divino
893 813 1034 896 numini,
1059 813 1136 899 regi
1161 815 1315 899 populos
1338 837 1422 899 quan

261 926 365 987 semet
393 922 482 1006 ipsos
512 941 624 1006 regere
655 920 757 1006 deque
788 920 892 986 salute
923 942 982 985 sua
1011 921 1329 1008 communibusque
1358 922 1421 986 ciri·

260 1030 339 1095 tatis
362 1020 542 1095 commodis
571 1032 604 1092 et
630 1028 781 1094 universo
809 1029 878 1093 iure
904 1027 1039 1113 publico
1069 1032 1105 1091 et
1131 1030 1319 1094 consulere
1346 1030 1419 1114 ipsos

261 1139 295 1201 et
324 1135 500 1201 decernere.
546 1135 606 1200 Ille
639 1139 748 1201 autem
782 1135 875 1200 dolor
906 1156 978 1199 cum
1010 1134 1248 1201 nobilissimis
1281 1136 1417 1221 Europae

261 1243 427 1329 gentibus,
462 1242 631 1307 Britannis
664 1241 964 1327 Francogallisque,
1001 1245 1039 1305 ut
1071 1241 1107 1305 in
1143 1241 1202 1307 his
1242 1245 1415 1324 subsistam,

260 1370 381 1434 magna
410 1372 448 1414 ex
479 1354 573 1434 parte
602 1348 726 1434 pridem
757 1349 935 1414 exstinctus
965 1348 1022 1431 sit,
1056 1348 1127 1413 iam
1164 1351 1270 1416 nobis
1305 1373 1414 1437 quoque

260 1456 355 1521 leniri
391 1460 525 1541 coeptus
560 1459 611 1522 est
644 1456 810 1541 praeclaro
847 1471 971 1521 orrum
1003 1471 1110 1520 anuis
1150 1455 1332 1541 beneficio,
1363 1479 1414 1542 quo

261 1566 420 1649 quantum
449 1566 482 1629 et
508 1563 547 1628 dc
574 1564 772 1648 reipublicae
802 1562 907 1629 salute
937 1562 1018 1626 bene
1051 1564 1220 1628 meruerit
1251 1569 1288 1628 et
1314 1569 1410 1651 gratos

260 1670 380 1736 civium
407 1670 533 1735 animos
562 1669 625 1734 sibi
654 1669 848 1753 devinxerit,
875 1668 1038 1734 luculento
1068 1672 1146 1734 tota
1176 1670 1342 1737 Borussia
1367 1671 1410 1735 do-

260 1780 411 1843 cumento
436 1780 494 1860 est,
517 1777 728 1843 consiliorum
750 1776 998 1862 provincialium
1021 1774 1327 1845 deliberationibus
1349 1800 1409 1843 cum

260 1885 420 1950 universis
451 1883 575 1951 civibus
605 1884 785 1950 liberaliter
814 1883 1060 1949 communicatis
1095 1906 1166 1949 uno
1202 1908 1263 1951 ore
1296 1886 1407 1951 laetam

261 1994 359 2077 atque
382 1992 556 2058 exsultans.
602 1989 683 2057 (lum
712 1991 830 2076 quibus
853 1995 891 2056 ut
913 1989 1106 2054 minusculis
1137 2012 1269 2077 magna
1291 2014 1406 2076 compo

260 2121 346 2183 nam,
369 2100 396 2164 si
420 2099 620 2165 celeberrimi
643 2100 729 2164 illius
753 2098 935 2183 principum
958 2101 1149 2181 conventus,
1173 2099 1236 2183 qui
1255 2098 1406 2165 Vindobo

260 2227 321 2270 nae
348 2205 424 2291 fuit,
451 2208 705 2273 consultationes
735 2204 988 2290 comparaveris,
1015 2204 1168 2288 quamvis
1201 2207 1310 2271 multa
1337 2225 1406 2269 nuuc

260 2315 337 2395 post
359 2313 499 2398 triginta
521 2335 680 2378 auuorum
703 2296 909 2378 intervallum
933 2311 1157 2396 perrepserint
1189 2314 1302 2400 magis
1326 2335 1406 2398 quan

260 2416 444 2482 emanarint
471 2418 506 2482 in
535 2420 664 2504 vulgus,
692 2422 802 2484 tamen
827 2420 854 2482 si
877 2417 918 2483 de
940 2418 1079 2503 singulis
1109 2419 1254 2503 legatis,
1283 2441 1404 2505 quorun

260 2529 294 2590 et
325 2524 465 2609 ingeniis
499 2530 533 2590 et
566 2526 691 2592 artibus
724 2547 850 2591 summa
878 2547 986 2589 rerum
1016 2525 1290 2611 transigebatur,
1322 2528 1348 2591 si
1376 2525 1405 2589 de

260 2631 332 2716 ipso
357 2630 611 2717 Hvussonnuw,
639 2632 729 2698 cuius
754 2632 968 2717 gravissimas
992 2632 1027 2695 in
1049 2631 1110 2697 illo
1133 2654 1252 2699 rerum
1277 2635 1404 2699 omniun

260 2737 449 2804 discrimine
472 2742 582 2823 partes
605 2738 705 2803 fuisse
729 2742 763 2802 et
781 2738 982 2823 singularem
1002 2720 1242 2806 auctoritatem
1262 2743 1405 2819 norimus,

260 2844 337 2930 quid
360 2844 491 2910 tandem
515 2845 632 2931 quibus
657 2845 719 2910 viis
744 2867 781 2910 ac
804 2845 906 2930 copiis
930 2845 1169 2929 praestiterint,
1196 2850 1345 2933 quaeris:
1365 2848 1404 2910 vir

259 2953 371 3017 tenuia
394 2952 534 3037 vestigia
556 2952 714 3037 quaedam
737 2956 868 3036 praesto
892 2955 984 3034 sunt,
1007 2973 1024 3015 e
1047 2951 1169 3035 quibus
1196 2954 1326 3020 incerta
1346 2976 1405 3019 cou-

260 3059 384 3124 iectura
406 3059 465 3122 fiat
488 3063 521 3123 et
544 3059 664 3124 notitia
682 3058 792 3143 potius
812 3057 969 3142 quaedam
988 3061 1142 3122 nascatur
1161 3081 1267 3145 quam
1287 3061 1404 3127 scientia

200 3186 246 3226 vu
260 3165 440 3231 hauriatur.
484 3163 554 3230 Nec
582 3167 722 3231 certiora
748 3164 916 3230 fatendum
945 3169 997 3230 cst
1023 3164 1063 3230 de
1091 3165 1133 3229 iis
1164 3169 1404 3250 percrebruisse,

260 3294 342 3357 quae
374 3271 509 3337 Parisiis
542 3272 611 3355 ille,
643 3294 725 3358 quae
754 3269 960 3356 Castillione,
993 3293 1075 3356 quae
1103 3272 1251 3359 Romae,
1286 3277 1403 3359 Pagae,

259 3378 474 3463 Francofurti,
488 3377 628 3444 Londini
642 3380 718 3465 egit.
751 3380 891 3445 Tantum
906 3379 970 3444 huc
984 3401 1121 3464 quoque,
1136 3385 1176 3445 ut
1192 3384 1344 3469 exempla
1356 3382 1402 3445 rir-

259 3487 340 3552 tutis
364 3486 524 3571 prodeant
547 3486 672 3551 civibus
695 3486 853 3552 universis
873 3485 1062 3551 admiranda
1080 3488 1115 3549 et
1134 3486 1316 3574 imitanda,
1337 3484 1399 3553 illud

258 3593 355 3677 valet,
373 3593 458 3678 quod
478 3592 573 3659 hodie
592 3594 633 3658 ab
655 3592 958 3679 intellegentissimo
976 3613 1103 3677 quoque
1118 3592 1337 3660 vehementer
1351 3615 1399 3660 uon

260 3699 363 3766 solum
388 3701 537 3785 exoptati
561 3699 801 3785 desiderarique
820 3720 931 3764 verum
951 3698 1050 3762 etiam
1069 3701 1203 3781 sperari
1222 3698 1399 3786 exspectari·

260 3829 321 3890 que
344 3807 499 3892 videmus,
522 3812 559 3872 ut
580 3829 621 3873 nc
645 3806 808 3892 publicam
831 3805 936 3870 lucem
955 3803 1083 3889 fugiant
1102 3826 1190 3889 quae
1210 3808 1397 3891 publicarum

259 3935 367 3979 rerum
389 3937 507 3981 nomen
532 3920 564 3979 et
587 3935 682 3981 omen
705 3913 842 3996 habeut,
864 3934 944 3976 neve
968 3910 1007 3995 ei,
1030 3910 1084 3995 qui
1109 3933 1223 3978 rerum
1249 3921 1396 4000 gesturum

259 4043 390 4087 caussas
412 4023 596 4106 perspicere
620 4021 711 4105 velit,
740 4019 923 4105 principum
952 4020 1077 4082 secreta
1099 4020 1216 4102 potius
1241 4020 1396 4089 divinando

257 4128 502 4213 interpretanda
531 4129 611 4213 sint,
640 4150 737 4213 quam
768 4130 881 4211 aperta
913 4124 1110 4210 populorum
1143 4128 1339 4195 testimonia
1364 4127 1395 4190 iu

257 4236 386 4300 tuenda.
436 4233 713 4303 Humboldtianae
751 4238 861 4298 autem
893 4232 1028 4315 indolis,
1065 4232 1174 4326 qualis
1208 4236 1245 4300 in
1280 4234 1394 4303 admini-

258 4343 391 4407 stranda
419 4345 585 4426 republica
612 4342 761 4424 eminuit,
789 4343 917 4406 tantum
947 4339 1039 4404 abest
1066 4339 1103 4401 ut
1133 4338 1251 4428 imago
1283 4343 1393 4409 iamiam

258 4449 416 4531 quaedam
440 4451 548 4516 animo
571 4450 742 4516 informari
766 4448 879 4535 possit,
904 4451 999 4511 utne
1018 4448 1152 4529 apertus
1173 4450 1308 4534 quidem
1326 4451 1394 4517 viae
