<?xml version="1.0" encoding="UTF-8"?>
<!DOCTYPE html PUBLIC "-//W3C//DTD XHTML 1.0 Transitional//EN"
    "http://www.w3.org/TR/xhtml1/DTD/xhtml1-transitional.dtd">
<html xmlns="http://www.w3.org/1999/xhtml" xml:lang="en" lang="en">
 <head>
  <title>
</title>
<meta http-equiv="Content-Type" content="text/html;charset=utf-8" />
  <meta name='ocr-system' content='tesseract 3.04.00' />
  <meta name='ocr-capabilities' content='ocr_page ocr_carea ocr_par ocr_line ocrx_word'/>
</head>
<body>
  <div class='ocr_page' id='page_1' title='image "./fridericiritsch05wachgoog_0683.png"; bbox 0 0 2918 5004; ppageno 0'>
   <div class='ocr_carea' id='block_1_1' title="bbox 237 332 1002 397">
    <p class='ocr_par' dir='ltr' id='par_1_1' title="bbox 237 332 1002 397">
     <span class='ocr_line' id='line_1_1' title="bbox 237 332 1002 397; baseline -0.005 -1"><span class='ocrx_word' id='word_1_1' title='bbox 237 332 305 397; x_wconf 84' lang='lat'>666</span> <span class='ocrx_word' id='word_1_2' title='bbox 617 345 854 394; x_wconf 79' lang='lat' dir='ltr'>ummurscrm</span> <span class='ocrx_word' id='word_1_3' title='bbox 876 345 1002 394; x_wconf 81' lang='grc'><strong>666666.</strong></span> 
     </span>
    </p>
   </div>
   <div class='ocr_carea' id='block_1_2' title="bbox 214 489 1394 4536">
    <p class='ocr_par' dir='ltr' id='par_1_2' title="bbox 214 489 1394 4536">
     <span class='ocr_line' id='line_1_2' title="bbox 236 489 1394 574; baseline 0 -19"><span class='ocrx_word' id='word_1_4' title='bbox 236 492 451 555; x_wconf 88' lang='lat' dir='ltr'>humanarum</span> <span class='ocrx_word' id='word_1_5' title='bbox 479 489 550 556; x_wconf 88' lang='lat' dir='ltr'>sine</span> <span class='ocrx_word' id='word_1_6' title='bbox 577 489 807 574; x_wconf 88' lang='lat' dir='ltr'>praeiudicatis</span> <span class='ocrx_word' id='word_1_7' title='bbox 834 489 1043 574; x_wconf 85' lang='lat' dir='ltr'>opinionibus</span> <span class='ocrx_word' id='word_1_8' title='bbox 1073 489 1307 574; x_wconf 71' lang='lat' dir='ltr'>existimatio,</span> <span class='ocrx_word' id='word_1_9' title='bbox 1333 496 1394 555; x_wconf 89' lang='grc'>666</span> 
     </span>
     <span class='ocr_line' id='line_1_3' title="bbox 236 594 1394 682; baseline 0.001 -22"><span class='ocrx_word' id='word_1_10' title='bbox 236 597 270 661; x_wconf 92' lang='grc'>16</span> <span class='ocrx_word' id='word_1_11' title='bbox 294 598 365 680; x_wconf 88' lang='grc'><strong>1666</strong></span> <span class='ocrx_word' id='word_1_12' title='bbox 389 618 522 662; x_wconf 92' lang='lat' dir='ltr'>munere</span> <span class='ocrx_word' id='word_1_13' title='bbox 545 597 627 662; x_wconf 86' lang='lat' dir='ltr'>illud</span> <span class='ocrx_word' id='word_1_14' title='bbox 650 597 833 680; x_wconf 77' lang='lat' dir='ltr'><strong>laudamus,</strong></span> <span class='ocrx_word' id='word_1_15' title='bbox 860 594 946 681; x_wconf 82' lang='lat' dir='ltr'>qu&#39;od</span> <span class='ocrx_word' id='word_1_16' title='bbox 970 597 1026 681; x_wconf 91' lang='lat' dir='ltr'>qui</span> <span class='ocrx_word' id='word_1_17' title='bbox 1056 617 1094 661; x_wconf 91' lang='lat' dir='ltr'>eo</span> <span class='ocrx_word' id='word_1_18' title='bbox 1126 596 1304 682; x_wconf 88' lang='lat' dir='ltr'>fungitur,</span> <span class='ocrx_word' id='word_1_19' title='bbox 1330 620 1394 662; x_wconf 91' lang='lat' dir='ltr'>cum</span> 
     </span>
     <span class='ocr_line' id='line_1_4' title="bbox 239 702 1394 789; baseline 0.001 -22"><span class='ocrx_word' id='word_1_20' title='bbox 239 707 273 768; x_wconf 98' lang='grc'>66</span> <span class='ocrx_word' id='word_1_21' title='bbox 295 704 462 789; x_wconf 88' lang='lat' dir='ltr'>dignitatis</span> <span class='ocrx_word' id='word_1_22' title='bbox 486 726 563 768; x_wconf 90' lang='lat' dir='ltr'>suae</span> <span class='ocrx_word' id='word_1_23' title='bbox 585 704 837 789; x_wconf 73' lang='lat' dir='ltr'>perpetuitatem</span> <span class='ocrx_word' id='word_1_24' title='bbox 861 703 996 786; x_wconf 89' lang='lat' dir='ltr'>babeat,</span> <span class='ocrx_word' id='word_1_25' title='bbox 1018 724 1079 768; x_wconf 91' lang='grc'>666</span> <span class='ocrx_word' id='word_1_26' title='bbox 1104 702 1256 788; x_wconf 88' lang='grc'><strong>6161666</strong></span> <span class='ocrx_word' id='word_1_27' title='bbox 1280 703 1394 788; x_wconf 88' lang='lat' dir='ltr'>profes-</span> 
     </span>
     <span class='ocr_line' id='line_1_5' title="bbox 236 810 1393 896; baseline 0.001 -21"><span class='ocrx_word' id='word_1_28' title='bbox 236 832 345 875; x_wconf 86' lang='lat' dir='ltr'>sorum</span> <span class='ocrx_word' id='word_1_29' title='bbox 369 832 503 876; x_wconf 91' lang='lat' dir='ltr'>numero</span> <span class='ocrx_word' id='word_1_30' title='bbox 527 810 792 896; x_wconf 90' lang='lat' dir='ltr'>comprehensus,</span> <span class='ocrx_word' id='word_1_31' title='bbox 818 810 915 876; x_wconf 86' lang='lat' dir='ltr'>facile</span> <span class='ocrx_word' id='word_1_32' title='bbox 938 813 1049 895; x_wconf 89' lang='lat' dir='ltr'>potest</span> <span class='ocrx_word' id='word_1_33' title='bbox 1077 813 1113 874; x_wconf 93' lang='grc'>66</span> <span class='ocrx_word' id='word_1_34' title='bbox 1137 810 1281 895; x_wconf 83' lang='lat' dir='ltr'>rectius,</span> <span class='ocrx_word' id='word_1_35' title='bbox 1305 834 1393 896; x_wconf 86' lang='lat' dir='ltr'>quam</span> 
     </span>
     <span class='ocr_line' id='line_1_6' title="bbox 236 918 1394 1002; baseline 0 -20"><span class='ocrx_word' id='word_1_36' title='bbox 236 939 374 1002; x_wconf 92' lang='lat' dir='ltr'>quorum</span> <span class='ocrx_word' id='word_1_37' title='bbox 402 940 529 983; x_wconf 89' lang='lat' dir='ltr'>annuus</span> <span class='ocrx_word' id='word_1_38' title='bbox 561 918 774 1002; x_wconf 81' lang='lat' dir='ltr'>magistratus</span> <span class='ocrx_word' id='word_1_39' title='bbox 807 921 870 1000; x_wconf 92' lang='lat' dir='ltr'>est,</span> <span class='ocrx_word' id='word_1_40' title='bbox 902 939 1009 983; x_wconf 89' lang='lat' dir='ltr'>rerum</span> <span class='ocrx_word' id='word_1_41' title='bbox 1044 940 1219 983; x_wconf 88' lang='lat' dir='ltr'>summam</span> <span class='ocrx_word' id='word_1_42' title='bbox 1254 920 1394 983; x_wconf 85' lang='lat' dir='ltr'>contueri</span> 
     </span>
     <span class='ocr_line' id='line_1_7' title="bbox 237 1024 1393 1110; baseline 0 -20"><span class='ocrx_word' id='word_1_43' title='bbox 237 1025 549 1109; x_wconf 86' lang='lat' dir='ltr'>continuitatemque</span> <span class='ocrx_word' id='word_1_44' title='bbox 573 1046 712 1109; x_wconf 85' lang='lat' dir='ltr'>servare,</span> <span class='ocrx_word' id='word_1_45' title='bbox 732 1030 765 1090; x_wconf 92' lang='grc'>66</span> <span class='ocrx_word' id='word_1_46' title='bbox 788 1026 817 1089; x_wconf 89' lang='grc'>61</span> <span class='ocrx_word' id='word_1_47' title='bbox 840 1025 936 1091; x_wconf 92' lang='lat' dir='ltr'>modo</span> <span class='ocrx_word' id='word_1_48' title='bbox 960 1024 1040 1090; x_wconf 89' lang='grc'><strong>66116</strong></span> <span class='ocrx_word' id='word_1_49' title='bbox 1062 1024 1107 1089; x_wconf 89' lang='lat' dir='ltr'>ab</span> <span class='ocrx_word' id='word_1_50' title='bbox 1132 1025 1231 1090; x_wconf 91' lang='lat' dir='ltr'>omni</span> <span class='ocrx_word' id='word_1_51' title='bbox 1256 1026 1393 1110; x_wconf 84' lang='lat' dir='ltr'>partium</span> 
     </span>
     <span class='ocr_line' id='line_1_8' title="bbox 239 1131 1393 1218; baseline 0.001 -22"><span class='ocrx_word' id='word_1_52' title='bbox 239 1131 347 1197; x_wconf 89' lang='lat' dir='ltr'>studio</span> <span class='ocrx_word' id='word_1_53' title='bbox 376 1132 499 1197; x_wconf 91' lang='lat' dir='ltr'>alienus</span> <span class='ocrx_word' id='word_1_54' title='bbox 529 1154 608 1197; x_wconf 88' lang='lat' dir='ltr'>esse.</span> <span class='ocrx_word' id='word_1_55' title='bbox 654 1131 691 1197; x_wconf 91' lang='lat' dir='ltr'>Id</span> <span class='ocrx_word' id='word_1_56' title='bbox 719 1131 819 1218; x_wconf 89' lang='lat' dir='ltr'>igitur</span> <span class='ocrx_word' id='word_1_57' title='bbox 842 1132 1029 1212; x_wconf 89' lang='lat' dir='ltr'>institutum</span> <span class='ocrx_word' id='word_1_58' title='bbox 1053 1133 1112 1217; x_wconf 88' lang='lat' dir='ltr'>qui</span> <span class='ocrx_word' id='word_1_59' title='bbox 1137 1153 1209 1197; x_wconf 92' lang='lat' dir='ltr'>non</span> <span class='ocrx_word' id='word_1_60' title='bbox 1235 1155 1277 1197; x_wconf 87' lang='lat' dir='ltr'>ex</span> <span class='ocrx_word' id='word_1_61' title='bbox 1300 1133 1393 1198; x_wconf 89' lang='lat' dir='ltr'>animi</span> 
     </span>
     <span class='ocr_line' id='line_1_9' title="bbox 237 1237 1392 1327; baseline 0.003 -25"><span class='ocrx_word' id='word_1_62' title='bbox 237 1237 398 1304; x_wconf 87' lang='lat' dir='ltr'>sententia</span> <span class='ocrx_word' id='word_1_63' title='bbox 419 1239 634 1322; x_wconf 79' lang='lat' dir='ltr'>suspiciamus</span> <span class='ocrx_word' id='word_1_64' title='bbox 654 1260 692 1303; x_wconf 89' lang='lat' dir='ltr'>ac</span> <span class='ocrx_word' id='word_1_65' title='bbox 710 1239 804 1304; x_wconf 90' lang='lat' dir='ltr'>nobis</span> <span class='ocrx_word' id='word_1_66' title='bbox 824 1239 1024 1323; x_wconf 89' lang='lat' dir='ltr'>gratulemur</span> <span class='ocrx_word' id='word_1_67' title='bbox 1042 1239 1156 1324; x_wconf 90' lang='lat' dir='ltr'>potius</span> <span class='ocrx_word' id='word_1_68' title='bbox 1175 1262 1283 1324; x_wconf 91' lang='lat' dir='ltr'>quam</span> <span class='ocrx_word' id='word_1_69' title='bbox 1303 1262 1392 1327; x_wconf 85' lang='lat' dir='ltr'>aegre</span> 
     </span>
     <span class='ocr_line' id='line_1_10' title="bbox 235 1344 1392 1432; baseline 0.004 -23"><span class='ocrx_word' id='word_1_70' title='bbox 235 1346 379 1410; x_wconf 81' lang='lat' dir='ltr'>feramus</span> <span class='ocrx_word' id='word_1_71' title='bbox 403 1347 454 1410; x_wconf 93' lang='grc'>661</span> <span class='ocrx_word' id='word_1_72' title='bbox 478 1345 558 1412; x_wconf 88' lang='lat' dir='ltr'>adeo</span> <span class='ocrx_word' id='word_1_73' title='bbox 586 1346 791 1430; x_wconf 80' lang='lat' dir='ltr'>infestamus,</span> <span class='ocrx_word' id='word_1_74' title='bbox 820 1347 938 1432; x_wconf 90' lang='lat' dir='ltr'>quippe</span> <span class='ocrx_word' id='word_1_75' title='bbox 966 1346 1052 1431; x_wconf 92' lang='lat' dir='ltr'>quod</span> <span class='ocrx_word' id='word_1_76' title='bbox 1079 1368 1151 1411; x_wconf 91' lang='lat' dir='ltr'>non</span> <span class='ocrx_word' id='word_1_77' title='bbox 1175 1344 1235 1432; x_wconf 91' lang='lat' dir='ltr'>(ut</span> <span class='ocrx_word' id='word_1_78' title='bbox 1259 1349 1392 1414; x_wconf 83' lang='lat' dir='ltr'>alterum</span> 
     </span>
     <span class='ocr_line' id='line_1_11' title="bbox 235 1450 1391 1539; baseline 0.003 -23"><span class='ocrx_word' id='word_1_79' title='bbox 235 1450 332 1537; x_wconf 85' lang='lat' dir='ltr'>illud)</span> <span class='ocrx_word' id='word_1_80' title='bbox 362 1452 402 1516; x_wconf 89' lang='lat' dir='ltr'>ad</span> <span class='ocrx_word' id='word_1_81' title='bbox 431 1453 667 1537; x_wconf 86' lang='lat' dir='ltr'>reprimendam</span> <span class='ocrx_word' id='word_1_82' title='bbox 696 1454 968 1539; x_wconf 90' lang='lat' dir='ltr'>coercendamque</span> <span class='ocrx_word' id='word_1_83' title='bbox 995 1454 1275 1520; x_wconf 86' lang='lat' dir='ltr'>universitatium</span> <span class='ocrx_word' id='word_1_84' title='bbox 1303 1456 1391 1521; x_wconf 86' lang='lat' dir='ltr'>liber·</span> 
     </span>
     <span class='ocr_line' id='line_1_12' title="bbox 236 1559 1391 1646; baseline 0.004 -23"><span class='ocrx_word' id='word_1_85' title='bbox 236 1562 339 1623; x_wconf 88' lang='lat' dir='ltr'>tatem</span> <span class='ocrx_word' id='word_1_86' title='bbox 369 1564 505 1644; x_wconf 79' lang='lat' dir='ltr'>spectet,</span> <span class='ocrx_word' id='word_1_87' title='bbox 536 1559 593 1624; x_wconf 83' lang='lat' dir='ltr'>sed</span> <span class='ocrx_word' id='word_1_88' title='bbox 623 1560 695 1646; x_wconf 88' lang='lat' dir='ltr'>ipso</span> <span class='ocrx_word' id='word_1_89' title='bbox 726 1560 856 1626; x_wconf 90' lang='lat' dir='ltr'>nomine</span> <span class='ocrx_word' id='word_1_90' title='bbox 885 1564 1027 1625; x_wconf 88' lang='lat' dir='ltr'>testante</span> <span class='ocrx_word' id='word_1_91' title='bbox 1058 1582 1177 1626; x_wconf 88' lang='lat' dir='ltr'>eorum</span> <span class='ocrx_word' id='word_1_92' title='bbox 1214 1563 1391 1628; x_wconf 88' lang='lat' dir='ltr'>commodis</span> 
     </span>
     <span class='ocr_line' id='line_1_13' title="bbox 235 1664 1390 1754; baseline 0.004 -24"><span class='ocrx_word' id='word_1_93' title='bbox 235 1664 418 1731; x_wconf 85' lang='lat' dir='ltr'>curandis</span> <span class='ocrx_word' id='word_1_94' title='bbox 442 1667 628 1751; x_wconf 87' lang='lat' dir='ltr'>iuribusque</span> <span class='ocrx_word' id='word_1_95' title='bbox 652 1667 781 1733; x_wconf 90' lang='lat' dir='ltr'>tuendis</span> <span class='ocrx_word' id='word_1_96' title='bbox 805 1667 975 1751; x_wconf 85' lang='lat' dir='ltr'>inserviat,</span> <span class='ocrx_word' id='word_1_97' title='bbox 998 1667 1239 1754; x_wconf 85' lang='lat' dir='ltr'>insignemque</span> <span class='ocrx_word' id='word_1_98' title='bbox 1265 1671 1307 1735; x_wconf 88' lang='lat' dir='ltr'>ab</span> <span class='ocrx_word' id='word_1_99' title='bbox 1331 1671 1390 1735; x_wconf 87' lang='grc'><strong>11116</strong></span> 
     </span>
     <span class='ocr_line' id='line_1_14' title="bbox 235 1773 1389 1858; baseline 0.006 -22"><span class='ocrx_word' id='word_1_100' title='bbox 235 1773 375 1856; x_wconf 85' lang='lat' dir='ltr'>gratiam</span> <span class='ocrx_word' id='word_1_101' title='bbox 408 1773 489 1838; x_wconf 90' lang='lat' dir='ltr'>inire</span> <span class='ocrx_word' id='word_1_102' title='bbox 520 1774 711 1847; x_wconf 87' lang='lat' dir='ltr'>fortitudine</span> <span class='ocrx_word' id='word_1_103' title='bbox 741 1779 773 1839; x_wconf 92' lang='lat' dir='ltr'>et</span> <span class='ocrx_word' id='word_1_104' title='bbox 800 1775 983 1840; x_wconf 87' lang='grc'><strong>6666666616</strong></span> <span class='ocrx_word' id='word_1_105' title='bbox 1016 1775 1150 1858; x_wconf 83' lang='lat' dir='ltr'>possit?</span> <span class='ocrx_word' id='word_1_106' title='bbox 1206 1776 1256 1843; x_wconf 83' lang='lat' dir='ltr'>Et</span> <span class='ocrx_word' id='word_1_107' title='bbox 1287 1782 1389 1843; x_wconf 89' lang='lat' dir='ltr'>tamen</span> 
     </span>
     <span class='ocr_line' id='line_1_15' title="bbox 234 1879 1388 1967; baseline 0.005 -24"><span class='ocrx_word' id='word_1_108' title='bbox 234 1879 379 1963; x_wconf 92' lang='lat' dir='ltr'>iniquam</span> <span class='ocrx_word' id='word_1_109' title='bbox 403 1881 664 1947; x_wconf 79' lang='lat' dir='ltr'>universitatium</span> <span class='ocrx_word' id='word_1_110' title='bbox 688 1882 853 1948; x_wconf 86' lang='lat' dir='ltr'>fortunam</span> <span class='ocrx_word' id='word_1_111' title='bbox 877 1882 1062 1967; x_wconf 84' lang='lat' dir='ltr'>querimur?</span> <span class='ocrx_word' id='word_1_112' title='bbox 1105 1882 1282 1950; x_wconf 86' lang='lat' dir='ltr'>Nimirum</span> <span class='ocrx_word' id='word_1_113' title='bbox 1306 1908 1388 1951; x_wconf 88' lang='lat' dir='ltr'>cura·</span> 
     </span>
     <span class='ocr_line' id='line_1_16' title="bbox 236 1988 1387 2076; baseline 0.006 -26"><span class='ocrx_word' id='word_1_114' title='bbox 236 1988 324 2051; x_wconf 90' lang='lat' dir='ltr'>tores</span> <span class='ocrx_word' id='word_1_115' title='bbox 353 2010 479 2073; x_wconf 90' lang='lat' dir='ltr'>quoque</span> <span class='ocrx_word' id='word_1_116' title='bbox 507 1990 582 2054; x_wconf 88' lang='grc'><strong>11166</strong></span> <span class='ocrx_word' id='word_1_117' title='bbox 610 1989 743 2073; x_wconf 89' lang='grc'><strong>6661166</strong></span> <span class='ocrx_word' id='word_1_118' title='bbox 770 1993 917 2075; x_wconf 88' lang='lat' dir='ltr'>potestas</span> <span class='ocrx_word' id='word_1_119' title='bbox 944 1988 1104 2072; x_wconf 85' lang='lat' dir='ltr'>civitatis,</span> <span class='ocrx_word' id='word_1_120' title='bbox 1134 1989 1293 2075; x_wconf 88' lang='lat' dir='ltr'>ingenita</span> <span class='ocrx_word' id='word_1_121' title='bbox 1320 2014 1387 2076; x_wconf 87' lang='lat' dir='ltr'>qua·</span> 
     </span>
     <span class='ocr_line' id='line_1_17' title="bbox 236 2093 1387 2184; baseline 0.005 -27"><span class='ocrx_word' id='word_1_122' title='bbox 236 2093 311 2157; x_wconf 92' lang='lat' dir='ltr'>dam</span> <span class='ocrx_word' id='word_1_123' title='bbox 335 2094 523 2162; x_wconf 91' lang='lat' dir='ltr'>dominandi</span> <span class='ocrx_word' id='word_1_124' title='bbox 548 2094 704 2161; x_wconf 83' lang='lat' dir='ltr'>aviditate</span> <span class='ocrx_word' id='word_1_125' title='bbox 727 2096 925 2162; x_wconf 85' lang='lat' dir='ltr'>incrementa</span> <span class='ocrx_word' id='word_1_126' title='bbox 942 2094 1083 2180; x_wconf 89' lang='lat' dir='ltr'>undique</span> <span class='ocrx_word' id='word_1_127' title='bbox 1103 2118 1280 2182; x_wconf 88' lang='lat' dir='ltr'>aucupans</span> <span class='ocrx_word' id='word_1_128' title='bbox 1299 2103 1387 2184; x_wconf 88' lang='lat' dir='ltr'>atque</span> 
     </span>
     <span class='ocr_line' id='line_1_18' title="bbox 234 2201 1386 2291; baseline 0.005 -25"><span class='ocrx_word' id='word_1_129' title='bbox 234 2207 439 2286; x_wconf 89' lang='lat' dir='ltr'>consectans,</span> <span class='ocrx_word' id='word_1_130' title='bbox 466 2202 554 2267; x_wconf 87' lang='lat' dir='ltr'>haud</span> <span class='ocrx_word' id='word_1_131' title='bbox 581 2224 654 2267; x_wconf 86' lang='lat' dir='ltr'>raro</span> <span class='ocrx_word' id='word_1_132' title='bbox 684 2203 733 2267; x_wconf 92' lang='lat' dir='ltr'>sui</span> <span class='ocrx_word' id='word_1_133' title='bbox 760 2203 869 2286; x_wconf 89' lang='lat' dir='ltr'>potius</span> <span class='ocrx_word' id='word_1_134' title='bbox 900 2202 1028 2268; x_wconf 88' lang='lat' dir='ltr'>arbitrii</span> <span class='ocrx_word' id='word_1_135' title='bbox 1051 2201 1273 2271; x_wconf 86' lang='lat' dir='ltr'>administros</span> <span class='ocrx_word' id='word_1_136' title='bbox 1298 2228 1386 2291; x_wconf 86' lang='lat' dir='ltr'>quam</span> 
     </span>
     <span class='ocr_line' id='line_1_19' title="bbox 237 2307 1385 2394; baseline 0.006 -23"><span class='ocrx_word' id='word_1_137' title='bbox 237 2307 499 2374; x_wconf 88' lang='lat' dir='ltr'>universitatium</span> <span class='ocrx_word' id='word_1_138' title='bbox 532 2312 688 2393; x_wconf 89' lang='lat' dir='ltr'>patronos</span> <span class='ocrx_word' id='word_1_139' title='bbox 722 2313 754 2373; x_wconf 89' lang='grc'>66</span> <span class='ocrx_word' id='word_1_140' title='bbox 786 2310 1045 2394; x_wconf 80' lang='lat' dir='ltr'>propugnatores</span> <span class='ocrx_word' id='word_1_141' title='bbox 1078 2328 1152 2372; x_wconf 88' lang='lat' dir='ltr'>esse</span> <span class='ocrx_word' id='word_1_142' title='bbox 1187 2311 1307 2376; x_wconf 87' lang='grc'><strong>661616</strong></span> <span class='ocrx_word' id='word_1_143' title='bbox 1354 2311 1385 2377; x_wconf 95' lang='grc'>16</span> 
     </span>
     <span class='ocr_line' id='line_1_20' title="bbox 235 2413 1385 2505; baseline 0.005 -27"><span class='ocrx_word' id='word_1_144' title='bbox 235 2419 388 2499; x_wconf 91' lang='lat' dir='ltr'>promptu</span> <span class='ocrx_word' id='word_1_145' title='bbox 412 2420 488 2480; x_wconf 87' lang='lat' dir='ltr'>sunt</span> <span class='ocrx_word' id='word_1_146' title='bbox 511 2416 660 2501; x_wconf 88' lang='lat' dir='ltr'>exempla</span> <span class='ocrx_word' id='word_1_147' title='bbox 687 2413 742 2499; x_wconf 90' lang='lat' dir='ltr'>(de</span> <span class='ocrx_word' id='word_1_148' title='bbox 766 2415 942 2481; x_wconf 85' lang='lat' dir='ltr'>Germania</span> <span class='ocrx_word' id='word_1_149' title='bbox 964 2414 1120 2479; x_wconf 87' lang='lat' dir='ltr'>universa</span> <span class='ocrx_word' id='word_1_150' title='bbox 1143 2415 1288 2505; x_wconf 89' lang='lat' dir='ltr'>cogito),</span> <span class='ocrx_word' id='word_1_151' title='bbox 1316 2442 1385 2504; x_wconf 80' lang='lat' dir='ltr'>quc</span> 
     </span>
     <span class='ocr_line' id='line_1_21' title="bbox 235 2521 1385 2591; baseline 0.004 -5"><span class='ocrx_word' id='word_1_152' title='bbox 235 2522 319 2587; x_wconf 91' lang='grc'><strong>61666</strong></span> <span class='ocrx_word' id='word_1_153' title='bbox 339 2521 421 2586; x_wconf 92' lang='lat' dir='ltr'>nihil</span> <span class='ocrx_word' id='word_1_154' title='bbox 446 2522 608 2588; x_wconf 85' lang='lat' dir='ltr'>valuerint</span> <span class='ocrx_word' id='word_1_155' title='bbox 629 2523 701 2588; x_wconf 87' lang='grc'><strong>1666</strong></span> <span class='ocrx_word' id='word_1_156' title='bbox 723 2522 907 2588; x_wconf 87' lang='lat' dir='ltr'>academica</span> <span class='ocrx_word' id='word_1_157' title='bbox 929 2521 1172 2588; x_wconf 89' lang='lat' dir='ltr'>defendentium</span> <span class='ocrx_word' id='word_1_158' title='bbox 1199 2525 1251 2589; x_wconf 89' lang='grc'>661</span> <span class='ocrx_word' id='word_1_159' title='bbox 1278 2527 1385 2591; x_wconf 87' lang='grc'><strong>666661·</strong></span> 
     </span>
     <span class='ocr_line' id='line_1_22' title="bbox 234 2626 1383 2715; baseline 0.003 -22"><span class='ocrx_word' id='word_1_160' title='bbox 234 2651 306 2694; x_wconf 90' lang='lat' dir='ltr'>mae</span> <span class='ocrx_word' id='word_1_161' title='bbox 337 2629 572 2694; x_wconf 73' lang='lat' dir='ltr'>contentiones,</span> <span class='ocrx_word' id='word_1_162' title='bbox 621 2629 727 2715; x_wconf 87' lang='lat' dir='ltr'>Atque</span> <span class='ocrx_word' id='word_1_163' title='bbox 757 2629 791 2694; x_wconf 92' lang='lat' dir='ltr'>in</span> <span class='ocrx_word' id='word_1_164' title='bbox 821 2629 943 2694; x_wconf 88' lang='grc'><strong>6611666</strong></span> <span class='ocrx_word' id='word_1_165' title='bbox 974 2626 1104 2712; x_wconf 90' lang='lat' dir='ltr'>quidem</span> <span class='ocrx_word' id='word_1_166' title='bbox 1134 2651 1248 2696; x_wconf 90' lang='lat' dir='ltr'>rerum</span> <span class='ocrx_word' id='word_1_167' title='bbox 1282 2633 1383 2699; x_wconf 89' lang='lat' dir='ltr'>discri-</span> 
     </span>
     <span class='ocr_line' id='line_1_23' title="bbox 235 2736 1382 2821; baseline 0.004 -20"><span class='ocrx_word' id='word_1_168' title='bbox 235 2737 377 2801; x_wconf 87' lang='lat' dir='ltr'>minibus</span> <span class='ocrx_word' id='word_1_169' title='bbox 417 2736 688 2821; x_wconf 85' lang='lat' dir='ltr'>adversarumque</span> <span class='ocrx_word' id='word_1_170' title='bbox 728 2736 962 2801; x_wconf 85' lang='lat' dir='ltr'>sententiarum</span> <span class='ocrx_word' id='word_1_171' title='bbox 1004 2736 1244 2803; x_wconf 80' lang='lat' dir='ltr'>certaminibus</span> <span class='ocrx_word' id='word_1_172' title='bbox 1288 2741 1382 2805; x_wconf 75' lang='lat' dir='ltr'>iustas</span> 
     </span>
     <span class='ocr_line' id='line_1_24' title="bbox 234 2841 1381 2928; baseline 0.003 -21"><span class='ocrx_word' id='word_1_173' title='bbox 234 2844 447 2928; x_wconf 87' lang='lat' dir='ltr'>propriasque</span> <span class='ocrx_word' id='word_1_174' title='bbox 475 2844 655 2928; x_wconf 87' lang='lat' dir='ltr'>opitulandi</span> <span class='ocrx_word' id='word_1_175' title='bbox 683 2843 801 2908; x_wconf 90' lang='lat' dir='ltr'>saltem</span> <span class='ocrx_word' id='word_1_176' title='bbox 829 2846 862 2907; x_wconf 89' lang='lat' dir='ltr'>et</span> <span class='ocrx_word' id='word_1_177' title='bbox 889 2841 1103 2907; x_wconf 86' lang='lat' dir='ltr'>contendendi</span> <span class='ocrx_word' id='word_1_178' title='bbox 1130 2848 1246 2927; x_wconf 82' lang='lat' dir='ltr'>partes</span> <span class='ocrx_word' id='word_1_179' title='bbox 1272 2847 1381 2911; x_wconf 85' lang='lat' dir='ltr'>meritc</span> 
     </span>
     <span class='ocr_line' id='line_1_25' title="bbox 234 2947 1381 3039; baseline 0.003 -24"><span class='ocrx_word' id='word_1_180' title='bbox 234 2954 398 3035; x_wconf 85' lang='lat' dir='ltr'>exspectes</span> <span class='ocrx_word' id='word_1_181' title='bbox 429 2947 539 3036; x_wconf 86' lang='lat' dir='ltr'>(redeo</span> <span class='ocrx_word' id='word_1_182' title='bbox 571 2951 657 3015; x_wconf 91' lang='lat' dir='ltr'>enim</span> <span class='ocrx_word' id='word_1_183' title='bbox 684 2948 769 3014; x_wconf 90' lang='lat' dir='ltr'>unde</span> <span class='ocrx_word' id='word_1_184' title='bbox 799 2949 968 3035; x_wconf 90' lang='lat' dir='ltr'>degressus</span> <span class='ocrx_word' id='word_1_185' title='bbox 1000 2947 1085 3036; x_wconf 91' lang='lat' dir='ltr'>sum)</span> <span class='ocrx_word' id='word_1_186' title='bbox 1120 2973 1255 3018; x_wconf 88' lang='lat' dir='ltr'>summo</span> <span class='ocrx_word' id='word_1_187' title='bbox 1288 2953 1381 3039; x_wconf 84' lang='lat' dir='ltr'>magi-</span> 
     </span>
     <span class='ocr_line' id='line_1_26' title="bbox 235 3054 1381 3144; baseline 0.005 -23"><span class='ocrx_word' id='word_1_188' title='bbox 235 3057 352 3122; x_wconf 88' lang='lat' dir='ltr'>stratui</span> <span class='ocrx_word' id='word_1_189' title='bbox 375 3057 560 3122; x_wconf 88' lang='lat' dir='ltr'>academico</span> <span class='ocrx_word' id='word_1_190' title='bbox 583 3057 614 3122; x_wconf 92' lang='lat' dir='ltr'>h.</span> <span class='ocrx_word' id='word_1_191' title='bbox 639 3079 664 3122; x_wconf 92' lang='lat' dir='ltr'>e.</span> <span class='ocrx_word' id='word_1_192' title='bbox 689 3055 823 3122; x_wconf 82' lang='lat' dir='ltr'>Senatui</span> <span class='ocrx_word' id='word_1_193' title='bbox 844 3078 919 3121; x_wconf 91' lang='lat' dir='ltr'>cum</span> <span class='ocrx_word' id='word_1_194' title='bbox 938 3054 1075 3121; x_wconf 85' lang='lat' dir='ltr'>Rectcre</span> <span class='ocrx_word' id='word_1_195' title='bbox 1100 3080 1161 3124; x_wconf 92' lang='grc'>666</span> <span class='ocrx_word' id='word_1_196' title='bbox 1186 3060 1286 3126; x_wconf 85' lang='lat' dir='ltr'>datas</span> <span class='ocrx_word' id='word_1_197' title='bbox 1310 3083 1381 3144; x_wconf 84' lang='grc'><strong>6666,</strong></span> 
     </span>
     <span class='ocr_line' id='line_1_27' title="bbox 234 3165 1381 3250; baseline 0.006 -23"><span class='ocrx_word' id='word_1_198' title='bbox 234 3168 270 3228; x_wconf 91' lang='grc'>66</span> <span class='ocrx_word' id='word_1_199' title='bbox 293 3186 390 3248; x_wconf 89' lang='grc'><strong>66666</strong></span> <span class='ocrx_word' id='word_1_200' title='bbox 415 3187 509 3250; x_wconf 91' lang='lat' dir='ltr'>quem</span> <span class='ocrx_word' id='word_1_201' title='bbox 528 3188 593 3230; x_wconf 92' lang='grc'>666</span> <span class='ocrx_word' id='word_1_202' title='bbox 612 3165 813 3230; x_wconf 88' lang='lat' dir='ltr'>conditarum</span> <span class='ocrx_word' id='word_1_203' title='bbox 831 3167 960 3228; x_wconf 90' lang='lat' dir='ltr'>tantum</span> <span class='ocrx_word' id='word_1_204' title='bbox 980 3167 1089 3228; x_wconf 86' lang='lat' dir='ltr'>aetate</span> <span class='ocrx_word' id='word_1_205' title='bbox 1107 3165 1381 3250; x_wconf 82' lang='lat' dir='ltr'>universitatium,</span> 
     </span>
     <span class='ocr_line' id='line_1_28' title="bbox 235 3270 1381 3358; baseline 0.003 -23"><span class='ocrx_word' id='word_1_206' title='bbox 235 3271 289 3335; x_wconf 88' lang='lat' dir='ltr'>sed</span> <span class='ocrx_word' id='word_1_207' title='bbox 324 3294 381 3355; x_wconf 92' lang='lat' dir='ltr'>per</span> <span class='ocrx_word' id='word_1_208' title='bbox 403 3272 633 3358; x_wconf 90' lang='lat' dir='ltr'>longissimum</span> <span class='ocrx_word' id='word_1_209' title='bbox 662 3271 748 3356; x_wconf 91' lang='lat' dir='ltr'>quod</span> <span class='ocrx_word' id='word_1_210' title='bbox 777 3270 985 3336; x_wconf 89' lang='lat' dir='ltr'>subsecutum</span> <span class='ocrx_word' id='word_1_211' title='bbox 1017 3274 1067 3335; x_wconf 88' lang='grc'>666</span> <span class='ocrx_word' id='word_1_212' title='bbox 1094 3274 1259 3357; x_wconf 89' lang='lat' dir='ltr'>temporis</span> <span class='ocrx_word' id='word_1_213' title='bbox 1293 3276 1381 3341; x_wconf 84' lang='lat' dir='ltr'>inter·</span> 
     </span>
     <span class='ocr_line' id='line_1_29' title="bbox 235 3376 1381 3449; baseline 0.002 -5"><span class='ocrx_word' id='word_1_214' title='bbox 235 3379 356 3444; x_wconf 86' lang='lat' dir='ltr'>vallum</span> <span class='ocrx_word' id='word_1_215' title='bbox 389 3401 495 3444; x_wconf 91' lang='lat' dir='ltr'>rerum</span> <span class='ocrx_word' id='word_1_216' title='bbox 529 3401 657 3444; x_wconf 87' lang='lat' dir='ltr'>summa</span> <span class='ocrx_word' id='word_1_217' title='bbox 684 3382 717 3443; x_wconf 92' lang='lat' dir='ltr'>et</span> <span class='ocrx_word' id='word_1_218' title='bbox 745 3379 923 3444; x_wconf 88' lang='lat' dir='ltr'>auctoritas</span> <span class='ocrx_word' id='word_1_219' title='bbox 951 3376 1056 3443; x_wconf 90' lang='lat' dir='ltr'>omnis</span> <span class='ocrx_word' id='word_1_220' title='bbox 1084 3400 1190 3444; x_wconf 89' lang='lat' dir='ltr'>unum</span> <span class='ocrx_word' id='word_1_221' title='bbox 1220 3386 1256 3446; x_wconf 91' lang='lat' dir='ltr'>et</span> <span class='ocrx_word' id='word_1_222' title='bbox 1285 3384 1381 3449; x_wconf 89' lang='grc'><strong>661666</strong></span> 
     </span>
     <span class='ocr_line' id='line_1_30' title="bbox 233 3484 1379 3573; baseline 0.004 -24"><span class='ocrx_word' id='word_1_223' title='bbox 233 3486 339 3551; x_wconf 82' lang='lat' dir='ltr'>fuerit.</span> <span class='ocrx_word' id='word_1_224' title='bbox 387 3485 507 3551; x_wconf 89' lang='lat' dir='ltr'>Verum</span> <span class='ocrx_word' id='word_1_225' title='bbox 530 3487 564 3551; x_wconf 91' lang='lat' dir='ltr'>in</span> <span class='ocrx_word' id='word_1_226' title='bbox 587 3485 670 3551; x_wconf 91' lang='lat' dir='ltr'>hanc</span> <span class='ocrx_word' id='word_1_227' title='bbox 693 3485 862 3570; x_wconf 92' lang='lat' dir='ltr'>regionem</span> <span class='ocrx_word' id='word_1_228' title='bbox 885 3485 941 3549; x_wconf 90' lang='lat' dir='ltr'>ubi</span> <span class='ocrx_word' id='word_1_229' title='bbox 966 3484 1076 3549; x_wconf 91' lang='lat' dir='ltr'>oculos</span> <span class='ocrx_word' id='word_1_230' title='bbox 1100 3487 1304 3573; x_wconf 88' lang='lat' dir='ltr'>conicimus,</span> <span class='ocrx_word' id='word_1_231' title='bbox 1332 3489 1379 3554; x_wconf 92' lang='lat' dir='ltr'>do·</span> 
     </span>
     <span class='ocr_line' id='line_1_31' title="bbox 234 3592 1382 3679; baseline 0.004 -22"><span class='ocrx_word' id='word_1_232' title='bbox 234 3592 321 3657; x_wconf 89' lang='lat' dir='ltr'>lendi</span> <span class='ocrx_word' id='word_1_233' title='bbox 350 3593 437 3658; x_wconf 88' lang='lat' dir='ltr'>iusta</span> <span class='ocrx_word' id='word_1_234' title='bbox 465 3596 658 3678; x_wconf 87' lang='lat' dir='ltr'>argumenta</span> <span class='ocrx_word' id='word_1_235' title='bbox 684 3615 797 3658; x_wconf 86' lang='grc'><strong>666666</strong></span> <span class='ocrx_word' id='word_1_236' title='bbox 824 3597 956 3679; x_wconf 89' lang='lat' dir='ltr'>praesto</span> <span class='ocrx_word' id='word_1_237' title='bbox 984 3602 1143 3658; x_wconf 86' lang='lat' dir='ltr'>essenon</span> <span class='ocrx_word' id='word_1_238' title='bbox 1169 3599 1222 3659; x_wconf 88' lang='grc'>666</span> <span class='ocrx_word' id='word_1_239' title='bbox 1246 3596 1382 3662; x_wconf 84' lang='lat' dir='ltr'>infitian-</span> 
     </span>
     <span class='ocr_line' id='line_1_32' title="bbox 214 3698 1383 3790; baseline 0.005 -26"><span class='ocrx_word' id='word_1_240' title='bbox 214 3699 319 3781; x_wconf 76' lang='lat' dir='ltr'>dum.</span> <span class='ocrx_word' id='word_1_241' title='bbox 367 3699 459 3776; x_wconf 82' lang='lat' dir='ltr'>Quod</span> <span class='ocrx_word' id='word_1_242' title='bbox 489 3698 619 3784; x_wconf 91' lang='lat' dir='ltr'>quidem</span> <span class='ocrx_word' id='word_1_243' title='bbox 648 3700 694 3765; x_wconf 91' lang='lat' dir='ltr'>sic</span> <span class='ocrx_word' id='word_1_244' title='bbox 721 3700 847 3765; x_wconf 87' lang='lat' dir='ltr'>videtur</span> <span class='ocrx_word' id='word_1_245' title='bbox 874 3722 970 3785; x_wconf 89' lang='lat' dir='ltr'>posse</span> <span class='ocrx_word' id='word_1_246' title='bbox 998 3700 1182 3765; x_wconf 87' lang='lat' dir='ltr'>accuratius</span> <span class='ocrx_word' id='word_1_247' title='bbox 1211 3702 1383 3790; x_wconf 81' lang='lat' dir='ltr'>designari,</span> 
     </span>
     <span class='ocr_line' id='line_1_33' title="bbox 233 3806 1382 3894; baseline 0.003 -22"><span class='ocrx_word' id='word_1_248' title='bbox 233 3813 269 3872; x_wconf 90' lang='lat' dir='ltr'>ut</span> <span class='ocrx_word' id='word_1_249' title='bbox 287 3828 346 3871; x_wconf 91' lang='lat' dir='ltr'>neo</span> <span class='ocrx_word' id='word_1_250' title='bbox 365 3807 445 3871; x_wconf 89' lang='lat' dir='ltr'>satis</span> <span class='ocrx_word' id='word_1_251' title='bbox 460 3806 557 3872; x_wconf 88' lang='lat' dir='ltr'>certis</span> <span class='ocrx_word' id='word_1_252' title='bbox 576 3807 694 3872; x_wconf 89' lang='lat' dir='ltr'>finibus</span> <span class='ocrx_word' id='word_1_253' title='bbox 713 3808 879 3891; x_wconf 86' lang='lat' dir='ltr'>utriusque</span> <span class='ocrx_word' id='word_1_254' title='bbox 899 3808 1110 3894; x_wconf 87' lang='lat' dir='ltr'>magistratus</span> <span class='ocrx_word' id='word_1_255' title='bbox 1128 3807 1204 3874; x_wconf 89' lang='lat' dir='ltr'>iura</span> <span class='ocrx_word' id='word_1_256' title='bbox 1224 3815 1261 3876; x_wconf 92' lang='lat' dir='ltr'>et</span> <span class='ocrx_word' id='word_1_257' title='bbox 1281 3812 1382 3877; x_wconf 87' lang='lat' dir='ltr'>officia</span> 
     </span>
     <span class='ocr_line' id='line_1_34' title="bbox 232 3912 1382 3998; baseline 0.004 -21"><span class='ocrx_word' id='word_1_258' title='bbox 232 3912 477 3998; x_wconf 89' lang='lat' dir='ltr'>circumscripta</span> <span class='ocrx_word' id='word_1_259' title='bbox 511 3935 685 3998; x_wconf 92' lang='lat' dir='ltr'>eorumque</span> <span class='ocrx_word' id='word_1_260' title='bbox 713 3920 853 3980; x_wconf 80' lang='lat' dir='ltr'>mutuas·</span> <span class='ocrx_word' id='word_1_261' title='bbox 870 3915 1013 3981; x_wconf 86' lang='lat' dir='ltr'>rationes</span> <span class='ocrx_word' id='word_1_262' title='bbox 1041 3914 1291 3984; x_wconf 87' lang='lat' dir='ltr'>discriminatas</span> <span class='ocrx_word' id='word_1_263' title='bbox 1319 3941 1382 3984; x_wconf 90' lang='lat' dir='ltr'>esse</span> 
     </span>
     <span class='ocr_line' id='line_1_35' title="bbox 233 4018 1382 4106; baseline 0.009 -23"><span class='ocrx_word' id='word_1_264' title='bbox 233 4018 387 4103; x_wconf 88' lang='lat' dir='ltr'>dicamus,</span> <span class='ocrx_word' id='word_1_265' title='bbox 410 4024 443 4084; x_wconf 89' lang='grc'>66</span> <span class='ocrx_word' id='word_1_266' title='bbox 466 4043 541 4086; x_wconf 84' lang='grc'><strong>6666</strong></span> <span class='ocrx_word' id='word_1_267' title='bbox 566 4043 585 4086; x_wconf 88' lang='grc'>6</span> <span class='ocrx_word' id='word_1_268' title='bbox 609 4020 802 4105; x_wconf 90' lang='lat' dir='ltr'>quibusdam</span> <span class='ocrx_word' id='word_1_269' title='bbox 825 4021 975 4106; x_wconf 89' lang='lat' dir='ltr'>partibus</span> <span class='ocrx_word' id='word_1_270' title='bbox 999 4021 1086 4086; x_wconf 87' lang='lat' dir='ltr'>vitae</span> <span class='ocrx_word' id='word_1_271' title='bbox 1109 4024 1143 4085; x_wconf 90' lang='lat' dir='ltr'>et</span> <span class='ocrx_word' id='word_1_272' title='bbox 1168 4023 1294 4091; x_wconf 87' lang='lat' dir='ltr'>salutis</span> <span class='ocrx_word' id='word_1_273' title='bbox 1317 4048 1382 4092; x_wconf 87' lang='lat' dir='ltr'>aca-</span> 
     </span>
     <span class='ocr_line' id='line_1_36' title="bbox 232 4124 1382 4212; baseline 0.005 -23"><span class='ocrx_word' id='word_1_274' title='bbox 232 4124 375 4191; x_wconf 88' lang='lat' dir='ltr'>demicae</span> <span class='ocrx_word' id='word_1_275' title='bbox 408 4127 636 4212; x_wconf 87' lang='lat' dir='ltr'>magistratum</span> <span class='ocrx_word' id='word_1_276' title='bbox 670 4127 887 4193; x_wconf 89' lang='lat' dir='ltr'>academicum</span> <span class='ocrx_word' id='word_1_277' title='bbox 921 4128 974 4193; x_wconf 89' lang='grc'>661</span> <span class='ocrx_word' id='word_1_278' title='bbox 1005 4127 1101 4192; x_wconf 91' lang='lat' dir='ltr'>nimis</span> <span class='ocrx_word' id='word_1_279' title='bbox 1133 4135 1307 4198; x_wconf 85' lang='lat' dir='ltr'>remotum</span> <span class='ocrx_word' id='word_1_280' title='bbox 1336 4132 1382 4198; x_wconf 90' lang='grc'>661</span> 
     </span>
     <span class='ocr_line' id='line_1_37' title="bbox 233 4233 1384 4321; baseline 0.009 -26"><span class='ocrx_word' id='word_1_281' title='bbox 233 4253 367 4314; x_wconf 87' lang='grc'><strong>6666666</strong></span> <span class='ocrx_word' id='word_1_282' title='bbox 390 4233 555 4299; x_wconf 84' lang='lat' dir='ltr'>exclusum</span> <span class='ocrx_word' id='word_1_283' title='bbox 581 4255 651 4299; x_wconf 85' lang='lat' dir='ltr'>esse</span> <span class='ocrx_word' id='word_1_284' title='bbox 676 4235 778 4300; x_wconf 91' lang='lat' dir='ltr'>multo</span> <span class='ocrx_word' id='word_1_285' title='bbox 803 4236 900 4300; x_wconf 89' lang='lat' dir='ltr'>etiam</span> <span class='ocrx_word' id='word_1_286' title='bbox 924 4235 1054 4321; x_wconf 84' lang='lat' dir='ltr'>gravius</span> <span class='ocrx_word' id='word_1_287' title='bbox 1078 4255 1270 4318; x_wconf 89' lang='lat' dir='ltr'>queramur.</span> <span class='ocrx_word' id='word_1_288' title='bbox 1308 4240 1384 4305; x_wconf 89' lang='lat' dir='ltr'>Pau-</span> 
     </span>
     <span class='ocr_line' id='line_1_38' title="bbox 233 4337 1385 4427; baseline 0.01 -27"><span class='ocrx_word' id='word_1_289' title='bbox 233 4337 279 4401; x_wconf 88' lang='lat' dir='ltr'>cis</span> <span class='ocrx_word' id='word_1_290' title='bbox 312 4341 531 4425; x_wconf 85' lang='lat' dir='ltr'>perstringere</span> <span class='ocrx_word' id='word_1_291' title='bbox 564 4342 674 4424; x_wconf 88' lang='lat' dir='ltr'>lioeat,</span> <span class='ocrx_word' id='word_1_292' title='bbox 707 4341 792 4425; x_wconf 91' lang='lat' dir='ltr'>quod</span> <span class='ocrx_word' id='word_1_293' title='bbox 824 4364 890 4407; x_wconf 94' lang='grc'>666</span> <span class='ocrx_word' id='word_1_294' title='bbox 922 4363 1096 4427; x_wconf 88' lang='lat' dir='ltr'>possumus</span> <span class='ocrx_word' id='word_1_295' title='bbox 1129 4365 1219 4409; x_wconf 90' lang='grc'><strong>6666</strong></span> <span class='ocrx_word' id='word_1_296' title='bbox 1256 4348 1385 4413; x_wconf 89' lang='grc'><strong>6666166</strong></span> 
     </span>
     <span class='ocr_line' id='line_1_39' title="bbox 236 4447 1386 4536; baseline 0.011 -28"><span class='ocrx_word' id='word_1_297' title='bbox 236 4447 394 4529; x_wconf 88' lang='lat' dir='ltr'>persequi.</span> <span class='ocrx_word' id='word_1_298' title='bbox 440 4449 488 4513; x_wconf 89' lang='lat' dir='ltr'>Ac</span> <span class='ocrx_word' id='word_1_299' title='bbox 511 4448 616 4514; x_wconf 88' lang='lat' dir='ltr'>tribus</span> <span class='ocrx_word' id='word_1_300' title='bbox 639 4448 861 4534; x_wconf 90' lang='lat' dir='ltr'>potissimum,</span> <span class='ocrx_word' id='word_1_301' title='bbox 889 4448 1014 4534; x_wconf 90' lang='lat' dir='ltr'>siquid</span> <span class='ocrx_word' id='word_1_302' title='bbox 1040 4447 1143 4536; x_wconf 87' lang='lat' dir='ltr'>video,</span> <span class='ocrx_word' id='word_1_303' title='bbox 1168 4452 1272 4521; x_wconf 91' lang='lat' dir='ltr'>rebus</span> <span class='ocrx_word' id='word_1_304' title='bbox 1296 4457 1386 4523; x_wconf 84' lang='grc'><strong>66616·</strong></span> 
     </span>
    </p>
   </div>
   <div class='ocr_carea' id='block_1_3' title="bbox 0 0 1464 5004">
    <p class='ocr_par' dir='ltr' id='par_1_3' title="bbox 0 0 1464 5004">
     <span class='ocr_line' id='line_1_40' title="bbox 0 0 1464 5004; baseline 0 2"><span class='ocrx_word' id='word_1_305' title='bbox 0 0 1464 5004; x_wconf 95' lang='lat' dir='ltr'> </span> 
     </span>
    </p>
   </div>
  </div>
 </body>
</html>
