2940 5004
405 351 670 400 111111111110111
695 315 905 400 salvamur..
1164 336 1227 399 507

87 495 291 561 scribendum
311 517 381 560 esse
400 497 518 561 certius
537 519 623 563 nnnc
642 519 739 582 quam
758 497 792 561 111
812 497 1024 562 annotatione
1043 496 1228 588 pronuntio.

85 602 149 670 Sed
182 603 354 688 diligenter
386 602 462 668 hinc
494 603 542 667 illi
576 625 686 670 versus
720 604 914 690 segregandi
947 608 1038 687 snut,
1070 603 1126 687 qui
1157 625 1228 668 cum

84 711 212 797 possint
239 731 317 775 sane
340 710 443 775 ternis
468 709 607 795 dipodiis
631 711 748 795 dividi,
777 710 845 775 eius
868 713 978 775 tamen
1008 709 1228 793 discriptionis

84 818 311 884 necessitatem
334 839 399 883 11011
423 818 578 903 habeant,
607 819 662 883 sed
686 818 868 905 legitimam
892 841 1060 884 caesuram
1083 819 1228 903 aliquam

85 928 238 990 tueantur
275 925 418 991 elisionis
456 930 584 991 tantum
621 948 659 992 eo
696 948 758 990 usu
798 925 977 1010 paullulum
1021 926 1228 990 obscuratam

85 1054 180 1117 quem
210 1032 276 1097 iam
306 1032 340 1096 in
371 1032 563 1117 septenariis
587 1033 758 1097 illustravi.
807 1031 907 1097 Velut
930 1036 1060 1117 praesto
1085 1034 1135 1095 est
1156 1030 1229 1115 ipsa

86 1140 319 1225 semiquinaria
342 1163 370 1203 v.
395 1141 467 1203 741.
493 1141 570 1205 781ε

174 1283 294 1348 Datim
318 1282 379 1346 tibi
402 1283 525 1364 dotem,
549 1283 578 1346 ei
602 1284 698 1365 quim
722 1282 829 1366 darec,
853 1282 922 1346 eius
946 1283 965 1344 a
989 1286 1090 1365 patre.

174 1389 393 1474 Suspitionem
417 1391 457 1453 ab
482 1390 686 1454 adulescente
710 1389 881 1453 amdueris.

86 1533 323 1618 Simillimaque
346 1533 430 1599 ratio
455 1556 565 1599 eorum
584 1531 787 1598 multitudini
806 1531 989 1597 adhibenda
1008 1534 1141 1618 estqui,
1163 1534 1228 1598 nisi

85 1642 251 1707 elisionem
289 1663 354 1706 non
391 1642 495 1726 magis
533 1641 663 1706 obstare
699 1639 1028 1723 bephthemimeri
1046 1638 1079 1726 *)
1111 1663 1207 1724 quam
1227 1663 1388 1704 cccxxxrrr

83 1748 333 1833 penthemimeri
361 1748 558 1832 memineris,
589 1748 692 1813 binis
723 1743 873 1832 partibus
899 1747 1035 1831 dispesti
1059 1748 1228 1813 videantur

85 1879 218 1941 prorsus
241 1856 326 1919 inter
349 1877 383 1920 se
407 1855 606 1939 aequalibus.
652 1853 820 1919 Pertinent
841 1852 905 1918 huc
928 1877 956 1919 v.
980 1854 1032 1918 23.
1059 1855 1131 1918 164.
1158 1855 1228 1918 167.

86 1965 159 2028 213.
184 1964 260 2028 214.
282 1963 356 2026 436.
381 1963 455 2027 402.
479 1960 558 2028 536:

244 2104 395 2170 Amicum
420 2105 581 2191 castigare
605 2105 647 2169 ob
671 2104 822 2169 meritam
847 2105 987 2169 udxiam.

244 2213 289 2278 lit
312 2203 418 2278 miam
442 2212 633 2278 fidelitatem
657 2216 690 2278 et
713 2213 816 2277 celata
839 2212 957 2278 omnia.

245 2320 298 2386 Me
323 2321 456 2385 abse'nte
480 2326 577 2405 atque
601 2319 768 2403 insciente,
791 2319 976 2385 inconsultu
1002 2341 1082 2385 meo.

243 2426 417 2514 Indignum
441 2429 574 2493 ciuitate
598 2451 635 2493 ac
658 2450 729 2493 sese
753 2425 870 2493 uiuere.

245 2535 346 2601 Bom's
369 2537 425 2622 qui
448 2536 533 2602 hunc
557 2536 793 2602 adulescentem
816 2535 992 2602 euertisset
1016 2537 1090 2602 suis.

245 2641 374 2708 saluere
398 2641 615 2727 Lesbonicum
639 2647 672 2708 et
696 2641 883 2708 Stasimum.
915 2640 962 2706 Di
982 2643 1082 2708 duint

244 2750 425 2835 Vtramque
448 2748 624 2815 Lesbonico
648 2751 683 2814 in
707 2753 813 2814 aetate
837 2749 901 2813 hart
926 2750 1089 2814 bonumst.

246 2857 315 2922 Alii
336 2881 370 2923 se
394 2857 596 2942 suspendere.
629 2878 669 2919 en
687 2858 766 2937 [em]
791 2877 875 2921 nunc
898 2855 952 2920 hic
975 2855 1090 2940 qudius
1114 2856 1230 2943 est.**)

191 3070 216 3140 *)
235 3071 278 3125 Ne
296 3069 345 3141 qui
363 3069 437 3125 forte
456 3068 617 3124 indubitata
634 3068 763 3139 exempla
781 3085 867 3138 purae
886 3069 946 3123 be.
961 3086 1024 3125 cnm
1038 3067 1154 3122 elisione
1173 3085 1230 3123 non

85 3160 248 3216 coniunctae
272 3157 520 3228 semiseptenariae
543 3158 714 3226 desiderent,
742 3159 813 3213 haec
838 3157 963 3214 habento
988 3176 1012 3213 v.
1036 3165 1079 3214 at.
1105 3164 1156 3213 150
1181 3157 1227 3229 [cl.

86 3251 180 3304 annot.
201 3250 242 3303 ed.
263 3248 334 3320 alt.].
354 3254 414 3302 201.
434 3254 495 3302 394.
516 3252 656 3304 460619.
677 3254 737 3303 600.
757 3254 823 3302 812:

246 3357 354 3412 inuitus
372 3355 403 3410 ni
421 3355 450 3410 id
469 3372 513 3409 me
533 3354 636 3410 inultet
654 3357 686 3408 ut
704 3353 806 3409 faciam
825 3354 902 3408 fides.

246 3445 440 3500 Thensaurum
460 3442 665 3499 demonstrauit
683 3442 754 3498 mihi
772 3443 802 3497 in
820 3443 898 3498 hisce
917 3442 1042 3500 aedibus.

247 3535 344 3604 Neque
363 3531 627 3602 confidentiloquius
645 3549 736 3603 neque
755 3530 900 3602 peridrius.

248 3622 302 3676 Sed
321 3623 479 3696 hocwunum
498 3622 660 3677 consolatur
678 3639 722 3677 me
741 3624 827 3694 atque
846 3622 970 3677 animum
990 3639 1090 3678 meum.

246 3711 318 3765 Nam
339 3714 363 3765 si
382 3710 421 3766 sic
440 3728 497 3766 non
516 3710 622 3782 licebit,
640 3712 733 3766 luscus
752 3712 856 3767 dlxero

247 3800 327 3855 Sier'rt
344 3800 550 3855 temeratorum
569 3803 726 3857 memorant
744 3801 857 3858 insulas.

247 3889 297 3945 Ibo
316 3891 370 3945 buc
389 3907 445 3958 quo
466 3888 504 3944 mi
523 3888 732 3959 imperatumst‚
752 3891 805 3946 etsi
824 3891 871 3946 odi
889 3891 962 3945 htnc
981 3891 1104 3947 domum.

246 3978 355 4034 Natura
373 3978 425 4033 illa
443 3980 528 4048 atque
546 3978 678 4049 ingenio?
697 3979 859 4035 iamdudum
879 3981 992 4035 ebriust.

1246 3306 1256 3335 ἱ

159 4086 199 4155 **)
220 4086 333 4156 Triplex
352 4085 528 4142 definiendae
547 4103 677 4142 caesurae
696 4086 743 4141 via
761 4090 840 4157 patet
859 4105 882 4141 v.
903 4094 968 4142 456:

246 4192 440 4249 assentorium
459 4210 518 4249 esse
537 4196 658 4249 amicum
676 4192 820 4248 inuentum
838 4193 985 4264 intellego:

88 4299 135 4355 ubi
158 4304 223 4372 post
246 4303 364 4358 amicam
388 4302 481 4357 locum
503 4301 606 4357 habere
629 4298 885 4371 hepbtbemimeres
909 4303 1004 4371 potest
1027 4300 1086 4356 sine
1105 4301 1230 4371 elisione,

88 4391 153 4457 post
174 4408 228 4445 esee
251 4390 318 4447 item
344 4390 404 4446 sine
423 4390 537 4445 elisione
556 4386 805 4460 penthemimeres,
828 4389 932 4445 ibidem
952 4407 1016 4444 cum
1035 4389 1150 4446 elisione
1169 4407 1230 4446 eae-

87 4482 240 4535 sumsero
262 4483 395 4550 δεύτερον
413 4482 520 4549 1αμβον,
543 4484 576 4534 ut
593 4479 763 4536 Graecorum
787 4479 815 4535 in
839 4480 925 4536 simili
948 4496 1047 4536 caussa
1066 4479 1229 4551 appellatio·
