3006 5016
543 329 624 376 VEIT
650 330 797 376 WERLER
821 331 884 377 ALS
910 332 1049 379 DOCENT

369 470 473 523 Forsan
492 469 620 524 Acidalio
639 486 674 524 ne
695 470 747 524 sim
767 471 891 540 pollutus
911 489 1005 527 amore

440 557 657 628 Blandiciasque
676 559 754 629 alias,
773 561 862 616 lector
880 562 978 631 amice,
996 561 1097 618 times?

370 649 458 714 Hanc,
477 667 554 720 rogo,
574 648 727 704 sollicitam
746 654 822 705 tutus
834 638 876 705 'de
894 654 1008 720 pectore
1027 669 1122 707 curam

440 736 546 793 Disiioe
564 756 616 794 neo
635 757 717 795 sensu
736 757 930 796 commoueare
948 742 1006 799 tuo.

370 827 447 882 Haec
466 827 664 899 Capteivorum
683 845 767 898 quam
786 830 885 898 cernis,
905 830 997 900 crede,
1015 830 1153 901 labella*)

440 918 505 974 Non
525 920 569 973 est
587 918 732 974 obscoenis
750 920 955 975 commaculata
974 921 1056 987 locis,

372 1007 426 1063 Sed
445 1008 529 1063 decor
547 1010 576 1062 et
594 1007 728 1077 probitas,
747 1009 836 1062 virtus
854 1024 1001 1078 moresque
1019 1009 1116 1080 pudici

440 1096 588 1153 Materiam
607 1098 680 1155 libro
698 1098 867 1154 constituere
886 1116 944 1155 suc.
1099 1162 1103 1170 ,

371 1189 463 1254 Quare
482 1186 505 1240 si
524 1187 617 1257 sapias
636 1189 736 1256 (neque
755 1187 828 1241 enim
847 1190 876 1242 te
895 1188 992 1244 fallere
1012 1206 1090 1244 mens
1108 1193 1171 1259 est),

441 1276 521 1330 Hunc
541 1276 638 1332 volvas
657 1276 771 1346 placida
789 1276 901 1332 sedulus
920 1278 979 1348 ipse
998 1296 1091 1335 mauu.

578 1551 600 1600 7.
638 1546 706 1600 Aul
721 1546 872 1601 Plautus‘
891 1545 1022 1602 Casina

247 1655 316 1722 (Aus
337 1653 465 1709 ‘Cassina
483 1652 577 1709 Plauti
596 1651 739 1707 scitissimi
757 1652 927 1708 electissima
946 1651 1089 1709 Comedia'
1112 1653 1233 1726 Leipzig,
1254 1655 1362 1715 Melcb.

530 1743 627 1797 Lotter
647 1747 725 1810 1513,
749 1742 799 1796 auf
815 1742 879 1798 dem
898 1743 1056 1811 Titelblatt)

315 1853 319 1861 ’
415 1869 528 1925 Dicolos
546 1869 752 1938 tetrastrophos
770 1867 829 1922 Viti
846 1867 974 1924 Vuerleri
993 1868 1022 1922 in
1041 1866 1194 1924 Caecinam.

378 1968 384 1987 ⁸
439 1997 557 2050 Plautus
577 1993 713 2049 nectareis
731 2010 858 2065 promere
881 1993 1008 2049 versibus

512 2086 616 2141 Doctus
635 2084 784 2154 Cecropios
803 2083 848 2138 vel
867 2083 964 2138 Latios
984 2083 1065 2153 sales,

512 2176 599 2241 Quem
618 2174 717 2228 turbae
737 2173 834 2229 docilis
852 2174 1004 2243 perpetuus
1023 2187 1106 2226 sonus

512 2264 600 2319 Tollit
619 2264 696 2319 clara
713 2264 763 2318 sub
782 2263 911 2330 aethera,

443 2355 582 2424 Spargsns
600 2354 630 2409 in
648 2354 741 2409 uarios
760 2353 875 2408 flumina
893 2352 998 2408 rivulos

512 2443 656 2498 Musarum
674 2444 788 2500 modulo
808 2443 928 2498 dulciter
946 2459 1045 2512 aspero

513 2532 655 2588 Cassinam
674 2532 793 2586 insinuit
810 2548 866 2586 non
884 2530 940 2586 nisi
957 2531 993 2586 ad
1013 2531 1134 2601 optimos

512 2621 631 2677 Virtutis
650 2622 766 2676 tetricae
786 2620 896 2690 mdes.
1131 2626 1135 2633 '

442 2712 465 2764 Ο
485 2712 643 2780 quicunque
662 2710 749 2780 cupis,
769 2710 857 2765 lector
875 2710 1005 2777 amioule,

512 2787 629 2856 Parnasi
647 2801 766 2871 placidis
785 2817 869 2870 saepe
888 2800 1029 2856 sororibus

514 2892 566 2946 Vel
586 2891 698 2945 Phoebo
719 2889 851 2945 comitem
869 2892 897 2943 te
917 2889 1000 2944 simul
1019 2890 1130 2957 addere,

512 2982 593 3036 Hunc
611 2983 643 3035 tu
662 2980 775 3050 perlege
795 2979 900 3034 sedulo.

733 3146 865 3153 ᾖ*

530 3255 555 3302 8.
592 3249 659 3303 Aur
675 3249 825 3304 Plautus*
846 3247 1057 3303 Cistellaria.

260 3359 326 3424 (Aua
348 3356 518 3412 ‘Cistellaria
537 3356 693 3411 Scitissima
712 3359 741 3410 et
759 3356 959 3411 iucundissima
977 3356 1071 3410 Plauti
1090 3356 1198 3410 fabula'
1220 3357 1349 3428 Leipzig,

476 3445 577 3501 Melch.
597 3445 693 3501 Lotter
713 3452 795 3516 1512,
814 3445 864 3500 aui
880 3444 944 3500 dem
963 3445 1122 3513 Titelblatt)

441 3572 523 3627 Vites
551 3572 701 3626 Vnerlerus
734 3571 769 3626 ad
796 3571 1020 3641 philomusaeam
1047 3570 1157 3640 pubem.

388 3698 459 3750 Dum
480 3696 604 3752 celebrat
620 3696 713 3752 varios
733 3696 913 3751 memorando
933 3697 1055 3751 carmine
1074 3695 1149 3750 lusus

440 3786 527 3840 Vates
546 3786 589 3840 cui
608 3785 722 3839 tilulum
744 3786 857 3840 Sarsina
875 3786 958 3840 doctu
978 3785 1062 3851 dedit,

390 3876 476 3928 Huius
495 3877 553 3928 tam
573 3875 681 3944 lepidos
702 3875 792 3929 subito
811 3875 902 3930 fecere
922 3875 1032 3930 libellos

441 3963 534 4031 Musa,
554 3964 649 4029 Fides,
669 3964 776 4031 Pallas,
797 3965 905 4031 Gratia,
926 3963 1066 4029 Phoebus,
1086 3963 1179 4017 Honor·

391 4054 424 4108 lit
444 4054 530 4122 labor,
549 4054 705 4124 ingenium,
726 4054 837 4122 candor,
856 4054 1000 4119 facundia,
1021 4053 1099 4120 risus,

441 4145 477 4197 Et
495 4143 570 4198 nitor
588 4161 621 4198 ac
640 4144 695 4198 on's
715 4145 812 4213 lingua
830 4143 936 4198 diserta
955 4144 1006 4212 sui,

388 4231 525 4301 Deliciae,
544 4233 648 4301 cultus,
667 4232 809 4301 sollercia,
829 4250 895 4288 cura
914 4234 1050 4302 salesque,

299 4398 326 4465 *)
346 4394 415 4466 [Der
432 4392 494 4446 hier
512 4393 755 4451 wiederlrehrende
774 4394 954 4465 prosodiscbe
974 4394 1116 4450 Sohnitzer
1133 4388 1236 4460 libello
1254 4392 1304 4461 ist,
1325 4395 1381 4451 wie

229 4507 258 4544 es
278 4485 395 4551 scheint,
413 4481 582 4552 uncorrigirt
599 4484 755 4554 geblieben.
793 4484 821 4538 C.
841 4483 898 4554 W.]
