2910 5010
328 356 622 405 sunrunarronsn
646 358 719 405 uun
743 344 951 405 muniones.
1149 342 1211 404 lll

73 524 144 564 mus
168 499 328 564 Maximus
358 498 412 562 diu
441 501 579 586 sospitet
606 501 874 584 superstitetqne‚
905 522 978 564 cum
1001 500 1075 586 Tvn
1099 522 1214 565 caussa

73 612 141 671 tum
165 610 279 672 nostra
302 607 390 671 omni
419 613 451 672 et
473 609 595 692 pietate
620 612 653 672 et
674 608 832 672 instantia
856 610 1007 690 optamus
1032 628 1213 690 compreca-

71 735 214 797 mnrque.
261 711 352 788 Quod
383 714 460 778 deus
488 715 571 779 bene
600 717 706 779 vertat
734 718 768 778 et
795 714 870 778 felix
899 713 1042 778 faustum
1070 714 1212 778 fortuna-

71 825 203 904 tumque
227 841 297 883 esse
320 820 438 885 iubeat.
484 821 574 885 Vale.

159 926 282 990 Datum
311 925 443 992 Bonnae
471 928 521 992 die
544 927 623 993 XVI
655 951 697 992 m.
721 927 872 993 Octobris
895 949 923 991 a.
947 944 1212 993 elolocccnvnrl.

618 1303 666 1366 12.

70 1439 501 1506 Gratulationsadresse
516 1443 696 1508 Ritschl’s
716 1467 758 1508 au
779 1444 859 1508 dem
879 1443 1211 1528 funfzigjllhrigen

251 1549 596 1632 Doctorjubilsum
629 1572 701 1615 von
735 1550 770 1613 G.
804 1548 1029 1633 Bernhardy

421 1678 478 1720 am
502 1656 553 1721 30.
577 1655 744 1721 October
770 1656 862 1720 1872.

159 1797 344 1863 Godofredo
358 1798 550 1882 Bernhardy
568 1799 580 1882 11
596 1821 655 1883 per
677 1799 764 1863 ritae
787 1797 1000 1881 laborumque
1024 1798 1211 1864 fructuosis-

70 1903 185 1967 simam
219 1905 491 1989 longinquitatem
513 1906 524 1988 l
547 1926 618 1969 cnm
652 1903 828 1968 inventutis
862 1904 1058 1988 optimarum
1091 1906 1210 1969 artium

69 2009 234 2073 studiosae
251 2010 262 2094 11
280 2010 403 2074 doctori
423 2015 522 2095 atque
535 2009 731 2075 moderatori
751 2009 960 2093 integerrimo
978 2011 989 2092 11
1006 2015 1076 2075 tum
1097 2033 1210 2095 aequa-

68 2115 146 2179 lium
181 2116 215 2179 in
248 2117 455 2201 antiquitatis
489 2116 605 2181 studiis
639 2117 836 2182 versantium
870 2117 1013 2180 omnium
1051 2119 1209 2204 magistro

69 2222 164 2287 unico
183 2223 193 2306 11
212 2223 331 2307 quippe
358 2223 412 2306 qui
442 2222 636 2305 scriptorum
664 2242 853 2306 graecorum
877 2221 1118 2307 latinorumque
1141 2229 1210 2288 tam

69 2333 102 2391 et
130 2328 259 2392 subtilis
288 2328 491 2393 existimator
518 2331 551 2391 et
573 2328 764 2413 intellegens
788 2328 947 2413 interpres
971 2333 1003 2392 et
1026 2328 1210 2395 luculentus

69 2438 237 2498 enarrator
252 2435 413 2499 exstiterit
430 2436 441 2518 11
458 2439 496 2499 ut
515 2435 583 2499 eius
602 2435 798 2518 disciplinae,
822 2457 920 2519 quam
939 2435 1035 2500 hodie
1054 2435 1210 2502 historiae

68 2542 252 2605 litterarum
281 2541 411 2605 nornine
434 2540 693 2624 complectimur,
726 2541 794 2604 iure
818 2541 996 2625 meritoque
1020 2547 1096 2625 post
1119 2565 1209 2627 mag-

68 2669 145 2711 num
168 2645 203 2709 F.
227 2647 265 2710 A.
290 2646 443 2711 Wolfium
472 2645 555 2709 alter
581 2667 698 2728 parens
727 2653 823 2731 atquc
851 2647 1001 2712 conditor
1028 2648 1188 2712 habeatur
1202 2648 1210 2733 1

67 2753 229 2817 honorum
260 2752 610 2837 quinquagenariorum
638 2751 825 2817 felicitatem
842 2753 853 2836 11
875 2775 912 2817 ex
937 2753 1044 2818 animo
1068 2755 1210 2838 gratula-

67 2865 120 2924 tur
136 2861 147 2942 11
165 2860 440 2945 plurimorumque
465 2882 622 2924 annorum
645 2865 834 2943 perpetuam
858 2860 997 2924 salutem
1015 2861 1211 2946 prosperita-

69 2971 199 3048 temque
224 2970 357 3050 enoptat
383 2967 394 3051 11
421 2965 603 3031 Friderious
626 2965 824 3030 Ritsohelins
852 2964 864 3048 11
890 2964 1066 3049 Lipsiensis
1093 2968 1104 3050 11
1131 2968 1209 3032 olim

68 3072 228 3137 Halensis.
242 3075 250 3156 g]
266 3071 331 3137 Ser.
356 3073 384 3137 d.
408 3072 499 3137 XXX
523 3096 563 3136 m.
587 3071 655 3137 Oct.
680 3094 707 3136 a.
731 3089 997 3139 morocccnxxu.

615 3394 664 3457 13.

66 3534 503 3600 Gratulationsadresse
518 3534 698 3599 Ritschl's
717 3558 760 3598 an
776 3535 858 3598 dem
873 3534 1209 3620 funl'zigj'ahrigen

112 3641 449 3727 Doctorjubil‘anm
472 3664 544 3706 von
567 3641 662 3707 Karl
684 3641 804 3706 Lehrs
829 3640 1165 3706 am7.M'arz1873.

155 3801 277 3868 Karolo
301 3800 435 3867 Lehrsio
453 3801 464 3884 11
482 3801 719 3886 Regimontano
737 3800 748 3884 11
765 3800 986 3865 universitatis
1021 3800 1209 3866 Albertinae

65 3909 173 3974 decori
197 3914 295 3994 atque
314 3913 503 3974 ornamento
523 3909 681 3992 singulari
698 3911 708 3992 11
726 3908 844 3973 eximio
864 3907 971 3971 eximii
989 3908 1208 3991 praeceptoris

66 4022 100 4081 et
122 4017 280 4101 discipulo
305 4020 338 4080 et
356 4016 483 4080 aemulo
501 4015 512 4098 11
530 4014 755 4080 Aristarcheae
775 4014 904 4078 virtutis
924 4014 1094 4096 interpreti
1113 4019 1209 4097 atque

65 4124 186 4188 vindici
205 4145 279 4188 vere
295 4121 504 4193 Aristarcheo
522 4122 533 4205 11
551 4123 717 4201 διόρθωιιν
737 4122 880 4199 ἐξήγηειν
900 4119 997 4199 uolent
1021 4140 1092 4183 cum
1116 4140 1208 4204 grae-

65 4253 177 4296 carum
205 4234 275 4294 tum
303 4228 479 4293 latinarum
503 4228 685 4292 litterarum
703 4225 713 4309 11
732 4230 876 4291 veterum
904 4226 1135 4310 magistrorum
1159 4249 1209 4291 ex-

66 4337 173 4421 emplo
195 4337 206 4419 11
229 4335 406 4400 laetissima
434 4335 609 4418 eademque
637 4333 897 4398 fructuosissima
925 4332 1131 4397 consortione
1158 4355 1208 4398 so·

64 4442 166 4507 cianti
184 4442 195 4524 11
213 4445 409 4525 strenueque
424 4441 601 4507 iuventutis
624 4440 829 4505 institutione
847 4440 858 4524 11
876 4440 917 4504 ad
939 4441 1067 4504 futurae
1092 4440 1208 4506 aetatis
