3014 5018
207 422 212 434 ,
277 354 454 415 ιιόιιιεοιια
471 347 817 416 ἀοιιιιτυοοοιιαυιαιτ
842 368 900 414 om
925 357 1103 415 1011111111.
1198 350 1257 413 111

108 511 235 596 wurde,
258 512 333 578 dass
357 511 415 577 das
434 510 643 579 Simonisohe
667 511 845 595 Bssndniss‚
869 510 941 576 dem
965 511 1022 576 das
1047 510 1259 576 Makkabiier-

108 620 199 686 buch
232 621 312 685 11ναί
345 620 477 703 Kapitel
511 620 657 704 widmet,
694 642 758 685 von
790 619 948 703 Iosephus
984 642 1046 684 nur
1078 620 1139 683 mit
1171 618 1261 683 einer
1296 696 1300 705 Ι

108 727 291 813 flfiohtigen
313 721 524 813 Erwsshnung
548 749 611 793 von
635 726 727 791 seohs
751 726 889 792 Worten
911 725 1076 812 abgethen
1100 725 1194 809 wird,
1224 748 1260 791 so

108 836 158 899 ist
187 857 221 898 es
252 834 397 900 derselbe
420 834 592 919 Iosephus,
624 833 695 918 der,
726 856 787 898 nur
807 829 1007 899 'versteokter
1032 833 1096 897 und
1119 833 1260 898 unbeab·

110 941 418 1027 sichtigterWeise,
441 964 483 1007 an
507 942 597 1006 einer
620 941 740 1006 andern
764 939 863 1006 Stelle
887 941 958 1006 eine
983 940 1121 1006 iiberaus
1146 940 1261 1005 werth-

111 1050 199 1114 volle
222 1047 419 1136 Eegiinzung
441 1049 547 1115 dieses
571 1047 1005 1114 Gesandtsohaftsberiohtes
1025 1049 1105 1134 gibt.
1145 1048 1192 1113 Es
1216 1048 1261 1114 ist

112 1157 150 1220 in
172 1154 266 1220 Buoh
289 1155 377 1241 XIV,
409 1180 459 1221 wo
487 1179 536 1240 er,
567 1156 628 1221 mit
656 1156 761 1221 seiner
784 1155 996 1241 Darstellung
1018 1156 1118 1222 sehon
1143 1156 1259 1221 mitten

114 1263 151 1326 in
182 1262 244 1327 den
267 1261 497 1329 Caesarisohen
520 1262 632 1328 Zeiten
663 1263 727 1327 und
751 1263 823 1328 dem
846 1262 1174 1348 Hohenpriesoeramt
1204 1263 1259 1326 des

111 1368 292 1453 Hyrkanus
315 1371 348 1436 II
382 1367 597 1459 (683-714)
631 1369 777 1454 stehend,
810 1369 892 1455 Kap.
916 1370 995 1455 8,5
1026 1370 1166 1454 erzfihlt,
1199 1370 1259 1434 wie
1279 1387 1384 1435 11-10

114 1477 237 1541 diesem
261 1475 319 1561 (im
343 1475 374 1541 J.
399 1474 478 1562 707)
502 1475 559 1541 auf
580 1476 649 1541 sein
673 1476 848 1541 Ansuohen
872 1500 935 1543 von
959 1474 1078 1543 Caesar
1101 1478 1152 1542 die
1172 1476 1260 1543 Wie·
1279 1494 1312 1543 47

113 1583 383 1669 deraufriohtung
406 1584 462 1648 der
485 1582 587 1648 durch
610 1583 782 1667 Pompejus
807 1588 986 1650 zerstorten
1009 1585 1146 1651 Mauern
1167 1585 1261 1651 Jeru-

113 1690 243 1755 salem's
277 1695 435 1776 gestottet
468 1690 598 1756 worden
631 1692 691 1774 sei,
723 1692 787 1756 und
816 1715 901 1758 zwar
930 1693 1054 1760 mittols
1084 1694 1172 1759 eines
1197 1715 1260 1758 von

112 1797 236 1863 Caesar
258 1797 437 1864 bewirkten
455 1799 647 1866 ffirmliohen
662 1795 990 1884 Senatsbesohlusses‚
1014 1800 1070 1866 der
1092 1800 1173 1866 nach
1200 1802 1260 1865 sei·

110 1928 188 1970 nem
211 1905 452 1991 vollsbfindigen
472 1906 648 1989 Wortlaut,
670 1906 733 1969 mit
756 1906 841 1970 allen
865 1903 1038 1988 Curialien,
1062 1907 1262 1992 mitgetheilt

116 2012 207 2078 wird.
238 2012 284 2077 Es
309 2013 389 2077 wird
412 2012 555 2077 niltzlioh
569 2012 654 2095 sein,
678 2010 741 2076 den
754 2011 837 2077 Text
856 2012 911 2078 des
926 2014 1047 2078 Autors
1072 2035 1131 2078 vor
1146 2014 1260 2099 Augen

111 2146 154 2187 zu
179 2121 300 2186 haben:

159 2336 323 2414 ἐπιτρέπει
342 2335 378 2397 δέ
393 2329 540 2418 (Καῑςαρ)
560 2334 611 2397 καὶ
621 2334 768 2417 Ὑρκανῷ
787 2334 827 2398 τά
846 2339 901 2414 τῆς
920 2336 1073 2414 πατρίδος
1092 2335 1260 2418 άναςτῆςαι

157 2441 246 2520 τείχη
266 2441 384 2519 ταύτην
404 2441 601 2523 αἰτηςαμένω
625 2442 683 2519 τὴν
703 2440 809 2519 χάριν·
834 2441 986 2521 ἐρήριπτο
1010 2444 1071 2523 γάρ
1089 2446 1261 2525 Πομπηίου

157 2547 409 2628 καταβαλόντος·
438 2547 489 2610 καὶ
513 2545 600 2610 ταῦτ’
623 2548 798 2612 ἐπιςτέλλει
821 2553 888 2612 τοῖς
913 2548 1045 2615 ὑπάτοις
1069 2551 1114 2615 εἰς
1137 2552 1262 2632 Ῥώμην

159 2654 346 2734 ἀναγράψαι
365 2656 402 2718 ἐν
420 2659 466 2738 τῷ
483 2653 685 2736 Καπετωλίῳ.
709 2656 760 2718 καὶ
779 2655 815 2719 τό
835 2654 1012 2734 γενόμενον
1031 2657 1094 2722 ὑπό
1114 2664 1170 2738 τῆς
1189 2679 1260 2736 ςυγ-

133 2765 281 2842 οκλήτου
300 2761 405 2841 δόγμα
420 2765 537 2826 τοῦτον
557 2760 699 2838 ἔχειτὸν
718 2760 854 2840 τρόπον·
868 2799 904 2808 -
918 2763 1065 2827 «Λεύκιος
1085 2764 1262 2844 Οὐαλέριος

158 2868 310 2933 «Λευκίου
335 2867 403 2932 υἱὸς
427 2868 601 2948 ςτρατηγός
625 2870 895 2948 ςυνεβουλεύςατο
918 2876 955 2954 τῇ
980 2873 1143 2953 ςυγκλήτιμ
1164 2872 1261 2938 εἰδοῖς

158 2974 386 3055 (Δεκεμβρίαις
405 2975 442 3038 ἐν
461 2979 506 3058 τῷ
525 2979 581 3053 τῆς
599 2974 770 3052 Ὁμονοίας
789 2980 867 3058 ναῷ.
905 2978 1101 3060 γραφομένῳ
1120 2983 1166 3062 τῷ
1187 2977 1260 3056 δόγ-

158 3102 249 3161 κματι
268 3086 413 3160 παρῆςαν
432 3081 562 3145 Λεύκιος
583 3082 757 3146 Κωπώνιος
777 3081 910 3147 Λευκίου
929 3081 997 3146 υἱὸς
1018 3085 1155 3149 Κολλίνα
1175 3087 1226 3150 καὶ
1245 3108 1261 3145 κ

159 3189 337 3267 «Παπίριος
365 3190 395 3269 [ι
410 3188 492 3270 υίὸς]
513 3189 639 3267 Κυρίνα.
681 3189 754 3267 περὶ
780 3187 827 3254 ὧν
854 3188 1063 3270 Ἀλέξανδρος
1089 3191 1260 3275 (vielmehr

110 3292 398 3381 ιοκἈντίπατρος)
417 3293 553 3360 Ἰάςονος
578 3296 627 3366 καὶ
653 3296 831 3375 Νουμήνιος
855 3295 1020 3376 Ἀντιόχου
1045 3299 1094 3363 καὶ
1114 3298 1258 3367 Ἀλέξαν-

159 3409 254 3481 «δρας
264 3403 442 3480 Δωροθέου
454 3401 614 3468 Ἰουδαίων
634 3403 830 3483 πρεςβευταί,
849 3401 964 3483 ἄνδρες
983 3404 1098 3482 ἀγαθοί
1118 3408 1168 3471 καὶ
1187 3408 1258 3485 ςύμ-

158 3531 285 3590 ιμαχοι,
309 3511 516 3588 διελέχθηςαν
543 3493 775 3588 ἀνανεούμενοι
804 3511 860 3574 τάς
883 3516 1153 3591 προϋπηργμένας
1179 3514 1260 3591 πρός

159 3615 354 3695 ιῬωμαίους
378 3616 509 3697 χάριτας
534 3619 584 3681 καὶ
608 3617 728 3697 φιλίαν,
753 3617 803 3682 καὶ
826 3616 942 3683 ἀςπίδα
966 3625 1083 3700 χρυςῆν
1102 3621 1261 3700 ςύμβολον

160 3729 233 3803 «τῆς
258 3723 430 3802 ςυμμαχίας
453 3725 631 3803 γενομένην
655 3723 835 3804 ἀνήνεγκαν
859 3722 925 3789 ἀπὸ
950 3730 1075 3805 χρυςῶν
1099 3726 1260 3806 μυριάδων

111 3832 288 3910 ιειςπέντε,
316 3832 367 3895 καὶ
394 3829 549 3909 γράμματ’
568 3831 678 3895 αὐτοῖς
707 3830 843 3908 ἠξίωςαν
871 3835 1004 3912 δοθῆναι
1032 3833 1112 3913 πρός
1140 3855 1175 3898 τε
1203 3835 1260 3899 τὰς

159 3939 458 4018 «αὐτονομουμένας
477 3937 588 4003 πόλεις
607 3939 657 4002 καὶ
677 3939 757 4017 πρὸς
777 3940 851 4002 τοὺς
872 3944 1007 4019 βαςιλεῑς
1026 3939 1106 4020 ὑπὲρ
1126 3945 1183 4005 τοῦ
1202 3944 1260 4022 τήν

159 4066 212 4110 «τε
233 4047 343 4125 χώραν
362 4046 469 4109 αὐτῶν
488 4046 539 4109 καὶ
553 4047 628 4109 τοὺς
644 4047 771 4123 λιμένας
786 4044 894 4110 ἀδείας
908 4046 1080 4125 τυγχάνειν
1095 4048 1145 4111 καὶ
1160 4050 1258 4127 μηδὲν

162 4152 374 4218 «ἀδικεῑςθαι·’
391 4154 481 4219 ἔδοξε
502 4154 665 4217 ςυνθέςθαι
685 4152 796 4231 φιλίαν
816 4154 866 4217 καὶ
886 4153 1017 4232 χάριτας
1035 4154 1116 4233 πρός
1135 4155 1261 4235 αὐτούς,

159 4262 230 4323 «καὶ
254 4260 341 4325 όςων
365 4261 539 4340 ἐδεήθηςαν
563 4264 673 4338 τυχεῖν
691 4258 780 4324 ταῦτ’
798 4261 907 4325 αὐτοῖς
926 4266 1111 4341 παραςχεῑν,
1135 4264 1185 4327 καὶ
1204 4266 1262 4344 τὴν
1276 4286 1315 4327 111

110 4372 394 4463 ἳοκκομιςθεῑςαν.
411 4364 527 4430 ἀςπίδα
555 4367 815 4445 προςδέξαςθαι.»
845 4402 881 4412 -
915 4371 1016 4432 ταῦτα
1047 4369 1178 4446 ἐγένετο
1211 4372 1263 4435 ἐπὶ

159 4474 322 4554 Ὑρκανοῦ
342 4473 514 4553 ἀρχιερέως
534 4473 584 4537 καὶ
604 4471 772 4552 ἐθνάρχου,
792 4473 884 4540 ἔτους
903 4474 1020 4541 ἐνάτου
1039 4479 1138 4555 μηνὸς
1156 4479 1261 4544 Πανέ-
