2910 5010
251 365 317 431 762
744 379 898 428 sumus.

809 525 839 590 6.

170 719 174 727 ,
250 669 482 753 Einleitung
505 691 549 734 au
568 666 649 734 dem
668 668 892 753 Programm
908 663 1096 731 ‘Canticum
1111 665 1391 732 Menaechmorum

654 775 839 841 Plautinac’
862 775 988 861 (1851).

340 918 555 985 Coniunctam
578 920 658 984 iuris
681 921 905 986 consultorum
929 919 1245 1005 philologorumque
1269 941 1391 1004 operam

250 1050 324 1092 cum
358 1028 441 1093 aliae
477 1051 592 1095 scenae
619 1028 790 1094 Plautinae
827 1029 996 1113 postulant
1027 1029 1068 1094 ad
1096 1029 1189 1112 leges
1219 1032 1254 1092 et
1282 1026 1391 1092 iudicia

251 1139 448 1220 spectantes,
479 1139 548 1201 tum
582 1136 791 1202 memorabile
819 1136 855 1200 in
877 1137 944 1204 hoc
972 1158 1088 1222 genere
1116 1136 1285 1202 canticum
1314 1136 1391 1221 quod

251 1245 302 1310 est
328 1243 362 1306 in
385 1242 606 1308 Menaechmis
635 1247 695 1307 act.
717 1241 765 1306 lv
793 1264 836 1307 sc.
869 1243 898 1309 2.
945 1243 1036 1320 Quod
1065 1264 1139 1308 cum
1163 1234 1225 1308 nec
1249 1244 1391 1327 probabi·

249 1349 324 1414 liter
346 1350 510 1415 emendari
533 1351 602 1415 sine
626 1351 841 1434 explicatione
864 1351 970 1435 possit
990 1373 1051 1416 nec
1074 1351 1145 1416 sine
1169 1351 1390 1416 emendatione

251 1458 332 1521 satis
356 1461 429 1523 tuto
453 1458 615 1543 explicari,
641 1462 748 1524 tamen
774 1459 814 1523 ab
839 1460 995 1524 alterutra
1017 1462 1109 1543 parte
1133 1481 1207 1526 asse
1231 1461 1389 1526 exordien-

252 1565 327 1629 dum
356 1570 501 1649 apparet.
546 1565 593 1632 Vt
620 1565 722 1650 igitur
745 1565 901 1647 habeant,
925 1566 980 1631 ubi
1003 1589 1063 1631 nos
1087 1567 1282 1652 philologos
1305 1568 1390 1633 edoc-

250 1673 315 1736 turi
344 1673 454 1756 paullo
483 1673 697 1739 confidentius
727 1694 823 1756 quum
851 1673 885 1737 in
908 1673 1068 1738 tralaticia
1094 1675 1262 1759 scriptura
1284 1677 1389 1761 pedem

252 1781 357 1865 figant
375 1781 454 1846 iuris
473 1781 580 1866 periti,
602 1802 667 1844 non
687 1779 896 1845 reformidato
916 1779 1044 1845 errandi
1063 1782 1209 1865 periculo
1230 1783 1292 1848 hos
1310 1784 1389 1868 ipsos

251 1888 357 1952 visum
381 1889 431 1952 est
454 1886 563 1970 aliquo
587 1888 735 1972 exemplo
758 1888 880 1969 docere,
902 1909 966 1971 qua
989 1887 1057 1952 fere
1081 1889 1136 1953 via
1160 1913 1235 1955 cum
1261 1915 1278 1956 e
1301 1893 1389 1974 scrip

250 1999 359 2060 torum
388 1994 546 2059 librorum
574 1996 730 2060 memoria
759 1998 829 2059 tum
859 2018 876 2059 s
904 1996 1057 2061 metricae
1080 1999 1293 2081 potissimum
1317 2000 1388 2064 artis

250 2102 432 2167 rationibus
452 2102 492 2167 ad
507 2101 667 2166 saniorem
682 2100 820 2165 formam
836 2101 981 2167 Plautini
999 2125 1110 2168 versus
1131 2127 1203 2169 esse
1223 2106 1387 2171 revocandi

250 2209 427 2274 videantur.
473 2208 623 2273 Facimus
648 2208 811 2274 autemid
836 2210 896 2292 ita,
927 2214 964 2274 ut
987 2213 1099 2275 nostra
1122 2213 1314 2278 coniectura
1336 2233 1387 2298 pro

249 2318 335 2382 virili
366 2322 458 2402 parte
486 2318 668 2381 instaurato
699 2315 901 2381 Menaechmi
929 2317 1071 2383 sermoni
1099 2340 1213 2383 eorum
1244 2320 1387 2400 codicum,

249 2447 266 2488 e
290 2446 427 2508 quorum
450 2424 513 2488 fide
537 2423 718 2488 emendatio
744 2423 851 2487 Plauti
876 2424 981 2488 omnis
1004 2425 1133 2509 pendet,
1157 2426 1385 2512 discrepantias

249 2532 318 2596 sine
342 2553 530 2597 caussarum
554 2530 986 2615 expositione'subiciamus.

809 2819 838 2885 7.

294 2952 469 3027 Vorwort
492 2985 534 3026 au
559 2961 640 3027 dem
664 2962 890 3046 Programm
914 2961 1101 3028 ‘Canticum
1124 2962 1346 3028 Mostellariae

653 3070 840 3135 Plautinae'
864 3070 990 3158 (1851).

337 3213 541 3279 Varietatem
572 3212 732 3279 delectare
761 3215 822 3278 etsi
851 3236 916 3279 non
946 3215 1054 3297 inepte
1085 3212 1254 3298 dictitant,
1286 3216 1383 3278 tamen

249 3344 309 3387 nos
338 3343 410 3386 cum
438 3320 524 3386 idem
553 3341 669 3404 genus,
698 3342 802 3405 equo
831 3320 1051 3404 procamiandi
1075 3325 1305 3405 argumentum
1327 3319 1383 3382 iam

251 3429 446 3513 aliquotiens
477 3426 644 3512 petiimus,
677 3450 761 3492 nunc
785 3428 970 3512 recolimuS,
1003 3428 1056 3491 vix
1080 3432 1131 3492 est
1155 3428 1329 3492 verendum
1349 3445 1383 3489 ns

253 3537 344 3602 vobis
369 3534 536 3601 fastidium
559 3535 667 3618 potius
696 3539 729 3599 et
752 3535 935 3599 satietatem
961 3556 1057 3618 quam
1082 3535 1229 3619 aliquam
1254 3532 1383 3600 iucundi-

249 3647 350 3708 tatem
375 3643 556 3707 afferamus.
598 3641 776 3742 Quippe0is
800 3642 940 3726 scriptor
964 3645 1014 3706 est
1036 3641 1184 3725 Plautus,
1207 3641 1299 3707 cuius
1321 3660 1384 3704 oum

249 3751 396 3836 ingenita
419 3773 472 3814 ars
495 3754 528 3814 et
551 3749 654 3814 virtus
674 3748 830 3814 novitatis
850 3749 991 3832 gratiam
1009 3753 1182 3834 perpetuet
1200 3748 1385 3833 legentibus,

249 3862 319 3923 tum
343 3861 526 3941 temporum
549 3855 722 3940 iniquitate
745 3856 860 3921 effecta
883 3856 1058 3920 difficultas
1082 3860 1180 3940 atque
1205 3855 1384 3939 depravatio

248 3965 473 4031 inexhaustam
516 3964 691 4048 quaerendi
732 3963 962 4048 exercendique
1004 3963 1176 4028 materiam
1218 3961 1384 4047 philologis

248 4075 412 4158 praebeat
462 4071 577 4156 ltaque
604 4071 734 4135 illorum
764 4070 942 4136 commodis
970 4093 1008 4135 eo
1037 4069 1275 4153 consuluimus,
1307 4066 1384 4152 quod

250 4182 379 4245 fabulae
409 4180 544 4245 alicuius
576 4178 717 4262 aliquam
749 4200 879 4243 scenam
909 4175 1075 4262 (potuerat
1109 4177 1197 4242 enim
1229 4175 1386 4262 quaelibet

174 4328 177 4332 ·
252 4288 318 4352 alia
341 4284 454 4372 deligi)
478 4286 526 4350 ita
549 4289 780 4370 perpurgatam
805 4285 1007 4369 pristinoque
1030 4285 1128 4349 nitori
1150 4306 1209 4348 suo
1229 4306 1287 4367 pro
1307 4279 1385 4346 virili

250 4397 341 4477 parte
364 4392 550 4457 restitutam
574 4392 811 4476 proposuimus,
835 4394 872 4455 ut
891 4394 923 4455 et
942 4413 1014 4455 cum
1033 4390 1159 4456 minore
1179 4413 1277 4476 quam
1297 4392 1385 4453 antea

250 4499 424 4564 offensione
447 4502 479 4563 et
498 4502 534 4563 ut
553 4519 720 4583 speramus
740 4520 812 4563 cum
833 4497 942 4581 aliqua
960 4497 1127 4581 voluptate
1146 4496 1214 4582 legi
1233 4492 1384 4579 intellegi·
