2992 5004
270 328 336 393 354
559 343 824 394 raonaconsvr
847 347 894 392 nn
917 346 1129 395 naurorvmvs

271 492 506 573 concoquerent
523 489 658 573 librarii,
681 488 872 574 corrigendo
892 490 955 554 sibi
973 490 1082 554 notius
1101 488 1292 554 intulerunt
1326 488 1420 554 Indu·

270 595 371 660 cenda
398 601 474 661 sunt
500 602 529 662 ct
554 599 674 662 indrtcit
702 604 714 662 t
740 598 853 682 verba,
881 619 962 683 quae
991 601 1104 662 assuta
1130 619 1200 662 esse
1223 598 1298 682 ipsa
1321 597 1419 663 collo

269 704 354 768 catio
385 704 490 785 docet,
522 727 596 770 cum
629 706 746 770 saltem
773 707 796 772 d
819 706 925 788 perdit
950 711 979 770 ct
1004 707 1128 771 inducit
1153 710 1166 769 t
1192 704 1419 790 coniungenda

268 810 414 875 fuissent
451 811 504 875 Ab
528 812 621 877 initio
644 813 785 877 fortasse
809 816 867 879 aut
889 813 998 898 ipsum
1016 811 1095 877 Hau
1118 835 1178 897 pro
1201 813 1307 878 Haud
1328 834 1419 896 repo

268 918 419 1003 nendum,
442 923 499 984 aut
521 924 596 1004 post
619 920 659 984 οὐ
683 921 865 985 addendum
887 925 916 985 et
939 920 1004 1001 suit
1024 942 1076 986 co.
1120 920 1272 1006 Reliqua,
1301 921 1418 1004 quibus

213 1039 215 1042 ’
269 1048 397 1090 summa
420 1027 651 1110 disputationis
675 1028 870 1112 continetur,
894 1027 940 1092 sic
965 1028 993 1091 si
1016 1028 1093 1112 quid
1116 1027 1208 1094 video
1232 1027 1418 1093 scribenda:

269 1133 316 1198 ‘at
334 1156 408 1199 cum
427 1135 562 1200 uerbum
581 1159 601 1200 a
618 1136 812 1202 consonanti
830 1136 953 1221 incipit,
975 1137 998 1201 d
1018 1136 1126 1221 perdit
1149 1141 1186 1201 ut
1208 1135 1272 1200 tarr
1291 1136 1417 1201 dubiam

202 1233 207 1241 ’
270 1245 302 1306 et
327 1241 392 1306 toa
419 1243 519 1307 cerrita
545 1247 578 1307 et
604 1243 668 1309 laec
689 1244 848 1326 placitura
875 1242 975 1324 refer?
1021 1243 1107 1308 Nam
1136 1248 1174 1309 ut
1196 1244 1259 1308 huc
1283 1243 1416 1308 tandem

269 1348 446 1433 deveniam,
469 1350 554 1433 quod
577 1351 673 1436 longe
697 1351 927 1436 gravissimum
946 1355 996 1415 cst
1014 1355 1047 1415 et
1064 1350 1218 1435 ponderis
1238 1350 1415 1435 plurimum

268 1454 430 1522 Victorini
452 1458 627 1522 memoriae
652 1457 785 1543 addens,
808 1482 957 1526 manasse
980 1459 1192 1525 haecomnia
1216 1481 1233 1523 e
1257 1481 1415 1545 germana

267 1562 436 1630 doctorum
455 1566 743 1650 grammaticorum
757 1572 826 1631 arte
841 1570 875 1631 et
888 1567 1059 1651 disciplina
1072 1564 1246 1633 manifesto
1266 1565 1415 1650 exempla

267 1669 393 1756 docent,
416 1695 498 1756 quae
522 1674 563 1738 ad
587 1673 687 1738 crisin
709 1672 933 1759 Vergilianam
957 1676 1106 1759 spectant
1133 1674 1256 1738 omnia:
1285 1674 1414 1757 quando

220 1805 251 1845 c1
265 1780 305 1844 ad
329 1778 514 1864 Vergilium
539 1781 706 1847 simillimo
735 1803 769 1846 se
794 1781 900 1847 studio
924 1780 1018 1846 latini
1041 1780 1248 1866 grammatici
1272 1781 1337 1845 toti
1361 1803 1413 1865 ap-

264 1889 466 1971 plicaverunt
494 1910 558 1972 quo
587 1889 628 1954 ad
652 1888 832 1954 Homerum
859 1889 977 1973 graeci.
1022 1888 1124 1953 Haud
1150 1888 1242 1953 aliter
1267 1886 1411 1969 [Rutulo]

263 2017 368 2061 maros
391 1995 492 2061 habes
516 1995 597 2061 Aen.
620 1997 683 2082 IX,
705 1997 762 2062 65:
790 1996 877 2061 tuac
897 1997 1034 2078 equidem
1058 2018 1131 2061 cum
1155 1995 1274 2082 Georg.
1298 1995 1412 2080 1,415

264 2108 335 2168 tum
364 2108 480 2188 quater
507 2103 541 2168 in
570 2103 724 2170 Aeneide:
753 2103 1017 2186 tetraptotam
1044 2103 1125 2184 refer
1151 2100 1204 2191 (ut
1231 2126 1320 2169 nunc
1349 2103 1414 2168 vul-

265 2216 376 2296 gatam
405 2211 546 2277 formam
577 2211 718 2296 teneam)
748 2212 828 2277 Aen.
856 2210 929 2295 XII,
961 2212 1016 2276 76:
1047 2211 1134 2276 lcaud
1160 2212 1293 2277 multam
1330 2211 1413 2296 apud

264 2318 448 2404 Vergilium
471 2341 537 2384 non
560 2320 666 2405 magis
695 2325 803 2385 exstat
826 2341 923 2405 quam
945 2318 1032 2386 haud
1053 2321 1221 2405 dudamss,
1250 2319 1308 2383 sed
1332 2318 1416 2383 baud

264 2427 364 2491 oculto
386 2426 466 2493 Aen.
485 2426 543 2512 III,
563 2429 635 2493 610.
659 2427 731 2512 XII,
750 2428 824 2507 506,
847 2427 933 2492 troad
953 2428 1079 2493 debiam
1101 2428 1145 2494 ib.
1167 2427 1209 2513 ΙΙ,
1232 2427 1313 2492 359:
1337 2448 1413 2491 nam

266 2535 453 2599 Plautinum
480 2535 567 2600 troad
591 2536 707 2599 dadum
737 2536 922 2619 exemplum
951 2556 968 2598 e
991 2534 1108 2600 Persae
1131 2533 1188 2619 IV,
1211 2535 1241 2618 3,
1265 2535 1309 2600 28
1334 2533 1412 2600 Ver-

265 2643 396 2728 gilianis
419 2642 695 2727 disputationibus
724 2643 862 2708 mixtum
886 2664 956 2707 esse
979 2665 1095 2727 parum
1119 2643 1281 2707 credibile.
1330 2640 1412 2717 Quo-

265 2774 338 2817 rum
361 2751 582 2835 exemplorum
609 2752 700 2815 nullo
723 2750 787 2815 baa
811 2751 949 2815 formam
973 2751 1024 2815 vel
1047 2750 1214 2815 veterrimi
1236 2749 1314 2814 libri
1337 2771 1412 2813 mss.

265 2863 443 2925 servarunt.
490 2857 552 2923 Sed
576 2859 660 2943 apud
684 2857 838 2923 Plautum
861 2857 1022 2942 profecto,
1051 2857 1153 2922 sicubi
1178 2859 1326 2940 servant,
1348 2877 1412 2919 non

265 2990 335 3033 esse
360 2967 492 3032 anobis
512 2966 764 3033 oblitterandam
783 2965 999 3051 intellegitur:
1022 2965 1078 3030 ubi
1097 2970 1215 3044 tamen,
1240 2964 1304 3028 etsi
1323 2986 1412 3028 num·

266 3097 364 3159 quarn
387 3079 462 3139 ante
486 3074 631 3139 vocalem
654 3073 730 3155 tau,
762 3077 797 3137 at
824 3094 920 3156 saepe
949 3073 1016 3138 sive
1040 3071 1215 3137 tuudsive
1237 3069 1413 3136 tractante

266 3184 499 3247 consonantem
526 3182 560 3246 in
584 3180 801 3246 Ambrosiano
829 3180 987 3265 scriptum
1016 3201 1085 3244 esse
1112 3201 1179 3244 non
1208 3181 1258 3244 est
1286 3179 1413 3245 mirum.

265 3285 360 3352 Nunc
388 3292 496 3352 autem
525 3287 636 3353 licebit
664 3288 763 3353 etiam
786 3287 825 3352 de
849 3284 988 3351 Charisii
1013 3285 1199 3351 obscuriore
1220 3286 1412 3352 testimonio

265 3395 384 3461 rectius
408 3419 506 3482 quam
530 3394 635 3460 adhuc
658 3394 782 3461 factum
807 3397 856 3459 est
878 3393 1088 3480 iudicare**),
1116 3394 1206 3459 cuius
1230 3392 1312 3458 haec
1335 3397 1412 3458 sunt

264 3509 341 3588 post
365 3504 494 3568 brevem
513 3503 551 3569 de
570 3498 623 3570 scd
644 3502 805 3588 particula
823 3502 1078 3588 disputationem
1097 3500 1196 3566 verba
1213 3500 1270 3566 lib.
1291 3500 1306 3565 Ι
1325 3525 1357 3585 p.
1371 3501 1411 3566 87

267 3612 355 3695 [112,
379 3613 398 3676 8
422 3610 491 3693 Klz
520 3610 633 3676 ‘Herod
659 3613 808 3676 similiter
835 3612 858 3675 d
883 3610 997 3676 littera
1023 3610 1230 3675 terminatur:
1259 3629 1304 3673 aa
1327 3609 1413 3675 enim

265 3740 381 3803 graeca
404 3741 468 3784 uox
491 3720 513 3785 d
533 3718 646 3783 littera
663 3719 849 3800 termina[ri
867 3719 951 3803 apud
971 3719 1135 3805 antiquos]
1156 3717 1272 3800 coepit,
1296 3716 1412 3800 quibus

264 3849 335 3891 mos
364 3830 434 3891 erat
462 3827 484 3892 d
509 3828 669 3909 litt[eram
697 3827 860 3908 omnibus]
889 3849 992 3911 paene
1016 3826 1149 3892 uocibus
1173 3823 1279 3891 uocali
1302 3823 1414 3889 littera

358 4042 384 4109 *)
405 4040 457 4111 [Ex
476 4039 651 4095 Addendis
674 4057 701 4110 p.
721 4053 850 4095 cccxxv:
876 4039 967 4109 ‘quod
985 4039 1080 4094 iuncta
1102 4039 1177 4093 baad
1203 4037 1310 4093 dadam
1328 4037 1415 4093 verba

265 4133 374 4185 exstare
393 4131 467 4200 apud
486 4130 642 4201 Vergilium
661 4130 776 4201 negavi,
801 4129 854 4184 etsi
872 4146 937 4185 vere
954 4128 1071 4200 negavi,
1093 4129 1189 4184 tamen
1208 4127 1348 4185 excidisse
1367 4144 1413 4200 po·

265 4218 322 4274 tius
345 4220 452 4290 aliquid
475 4220 503 4273 in
526 4219 663 4275 Victorini
690 4218 783 4275 verbis
808 4237 881 4274 nunc
909 4219 999 4276 video.
1036 4219 1095 4274 Noc
1124 4218 1197 4273 enim
1225 4217 1414 4273 dubitandum

265 4310 377 4364 videtur
395 4310 462 4379 quin
480 4310 516 4364 ad
534 4312 601 4365 Aen.
621 4311 655 4375 X,
673 4314 725 4363 699
744 4309 944 4378 grammaticus
963 4308 1109 4378 spectarit:
1136 4307 1211 4362 baud
1229 4307 1329 4376 (immo
1348 4310 1414 4378 toa)

266 4400 336 4453 talia
354 4400 492 4468 dudum.’]

338 4490 383 4557 **)
403 4488 454 4559 [Oi.
474 4489 545 4544 Nov.
564 4505 621 4544 exc.
641 4488 733 4545 Plaut.
752 4489 764 4542 l
784 4507 811 4559 p.
831 4491 911 4557 4sq.]
