2992 5004
219 343 284 406 326
507 358 769 405 rsousoosass
794 358 840 403 ns
864 357 1074 404 rsrrosrsvs

219 503 418 567 tutissimum
447 501 548 566 videri
577 501 786 566 Ambrosiani
814 501 1003 566 auctoritati
1032 499 1252 583 mancipatum
1286 523 1369 583 esse,

219 610 413 694 ubicumque
436 608 469 673 id
493 630 575 674 sana
601 609 685 674 ratio
715 609 860 692 patiatur
887 629 946 672 nec
975 607 1176 692 praestantia
1203 606 1370 672 Palatino

100 742 203 783 uxvrxr
217 739 290 781 rum
321 720 489 801 tamquam
521 716 557 780 in
589 715 699 781 oculos
731 716 884 780 incurrat
937 714 1009 791 Quo
1041 715 1149 779 minus
1186 714 1370 798 singularia

219 823 377 909 quaedam
406 829 439 887 et
465 822 674 887 vehementer
702 826 866 908 suspecta,
894 844 977 907 quae
1000 822 1063 888 soli
1086 825 1251 887 testantur
1273 820 1370 886 Pala·

219 933 288 1016 tini,
311 931 457 997 artificiis
475 930 669 1015 quibusdam
688 930 923 1014 interpretandi
942 928 1155 995 excusandive
1172 929 1370 1013 ambagibus

219 1040 356 1106 tutanda
375 1044 451 1104 sunt
470 1044 507 1104 nt
525 1038 744 1104 reconditiora
763 1042 860 1123 atque
879 1037 1097 1122 exquisitiora,
1119 1035 1175 1101 sed
1194 1036 1236 1100 ad
1254 1058 1370 1101 sanam

219 1146 462 1231 simplicitatem
486 1145 722 1229 probatamque
746 1144 1011 1210 consuetudinem
1030 1166 1102 1209 curn
1122 1144 1154 1208 A
1177 1144 1371 1210 revocanda.

219 1253 271 1319 lta
294 1253 379 1339 quod
403 1275 420 1318 e
444 1252 623 1317 recessibus
646 1251 773 1338 priscae
802 1252 931 1338 linguae
954 1273 1104 1316 manasse
1127 1251 1287 1317 creditum
1311 1257 1373 1336 est,

219 1362 375 1427 columis
403 1359 598 1424 adiectivum
625 1381 685 1443 pro
713 1359 876 1424 incolumis
902 1358 1060 1442 positum,
1092 1358 1143 1424 cui
1167 1358 1371 1424 defendendo

221 1469 349 1554 glossas
385 1466 503 1531 Isidori
540 1467 790 1550 arcessiverunt,
823 1466 975 1531 Plautum
1010 1471 1096 1530 certe
1128 1488 1194 1530 non
1228 1468 1371 1552 amplius

221 1596 411 1659 sponsorem
425 1573 567 1651 habebit,
586 1578 758 1657 postquam
778 1574 921 1657 vulgaris
941 1574 1122 1638 incolumem
1139 1573 1247 1639 forma
1261 1597 1289 1638 v.
1305 1575 1372 1639 743

222 1706 259 1747 ex
282 1684 315 1748 A
338 1680 467 1766 prodiit
514 1680 567 1758 lta
593 1682 757 1746 acmecltu
785 1703 814 1745 v.
838 1680 917 1764 364,
945 1680 1031 1766 quod
1060 1679 1195 1765 ancipiti
1217 1681 1371 1747 similitu-

222 1791 296 1855 dine
326 1789 457 1853 illorum
485 1810 567 1873 quae
591 1792 668 1853 sunt
690 1790 842 1872 nefastus,
864 1789 1019 1872 odarius,
1046 1790 1200 1868 nefandus
1222 1788 1371 1854 deiende·

222 1901 311 1980 runt,
340 1895 602 1981 expeditissimae
630 1896 696 1960 iam
724 1896 902 1980 scripturae
929 1915 992 1960 non
1020 1897 1119 1960 multo
1150 1896 1257 1961 cessit.
1301 1895 1372 1960 Nec

221 2004 321 2067 haud
342 2002 521 2087 particulae
540 2002 607 2066 vim
631 2003 823 2087 prohibendi
847 2003 881 2067 in
903 2007 1068 2087 posterum
1092 2024 1205 2067 versus
1228 2003 1291 2072 651
1317 2004 1372 2066 fir-

222 2110 338 2193 mabit,
365 2110 437 2194 ipso
464 2131 503 2174 nc
529 2131 587 2194 pro
610 2109 696 2175 baud
722 2109 900 2174 substituto
928 2110 963 2174 in
985 2110 1018 2183 A
1041 2110 1249 2175 emaculatus.
1294 2109 1371 2175 Non

222 2222 384 2303 repugnat
403 2217 523 2282 rationi
537 2217 812 2303 frequentativum
828 2217 961 2282 verbum
980 2218 1173 2300 domitari,
1192 2239 1251 2282 nec
1265 2222 1371 2282 metro

223 2325 384 2408 repugnat
410 2344 505 2388 versu
535 2324 613 2407 742,
641 2323 697 2388 sed
726 2324 909 2408 exemplum
936 2327 1066 2408 practer
1087 2323 1149 2389 hoc
1173 2324 1279 2408 ipsum
1303 2347 1370 2389 non

223 2428 334 2494 habet:
358 2428 414 2493 ubi
438 2451 511 2495 cum
536 2429 672 2515 simplex
697 2431 809 2514 larptri
831 2430 966 2495 verbum
984 2430 1017 2495 A
1034 2434 1183 2515 testetur,
1206 2431 1286 2496 illud
1304 2454 1371 2497 non

223 2536 343 2621 poterit
365 2557 431 2601 non
454 2558 471 2600 e
494 2538 606 2603 lexicis
629 2539 767 2604 exulare.
813 2537 875 2604 Sed
899 2561 977 2603 sane
1000 2539 1117 2604 horum
1135 2537 1226 2622 nihil,
1249 2537 1373 2622 absque

224 2643 440 2709 Ambrosiano
464 2649 558 2729 esset,
582 2646 632 2710 rel
656 2645 793 2711 inveniri
816 2645 1001 2711 coniectura
1023 2649 1175 2731 potuerat
1192 2646 1242 2710 rel
1262 2645 1370 2711 iuven-

226 2757 296 2817 tum
319 2751 432 2836 reponi
456 2751 620 2816 debuerat.

692 3055 804 3103 csrvr
828 3038 900 3104 Vll.
942 3006 946 3016 Ι

313 3179 523 3245 Enucleatius
548 3181 701 3246 vitiorum
724 3203 856 3247 caussas
880 3186 913 3246 et
936 3200 1056 3267 genera
1079 3184 1268 3266 persecutus
1292 3204 1375 3266 sum,

227 3309 291 3371 quo
315 3286 485 3352 certiorem
509 3288 588 3352 mihi
614 3289 698 3353 viam
722 3288 762 3353 ad
787 3310 875 3354 meas
894 3287 1085 3354 emendandi
1105 3289 1246 3355 rationes
1265 3293 1375 3354 tutan-

226 3392 284 3458 das
312 3393 645 3480 commendandasque
673 3396 840 3461 munirem.
886 3395 962 3461 Non
990 3398 1040 3460 est
1066 3395 1152 3459 enim
1180 3395 1207 3459 is
1235 3394 1377 3479 scriptor

227 3499 376 3585 Plautus,
405 3523 468 3586 quo
499 3523 573 3566 cum
603 3524 654 3586 ea,
687 3525 770 3588 quae
799 3503 902 3568 tantis
935 3502 1030 3568 hodie
1058 3502 1209 3568 laudibus
1237 3504 1376 3568 mactari

135 3645 213 3686 Μ
229 3607 321 3690 solet,
344 3607 500 3693 religione
520 3608 561 3674 ad
579 3609 724 3694 ipsorum
744 3610 889 3676 codicum
912 3611 1007 3675 fidem
1031 3611 1235 3677 conformato
1257 3609 1376 3675 fecisse

228 3736 343 3799 operae
367 3714 507 3798 pretium
530 3716 668 3782 videare.
713 3716 886 3783 Praeterea
908 3718 1014 3784 fateor
1036 3720 1181 3806 ingenita
1204 3716 1313 3782 indole
1337 3739 1376 3782 eo

228 3822 372 3887 animum
397 3843 504 3886 meum
528 3821 612 3906 duci,
636 3827 672 3889 ut
695 3825 804 3908 paullo
824 3824 972 3891 uberiore
991 3824 1231 3892 commentandi
1249 3845 1377 3910 genere,

228 3952 326 4014 quam
350 3950 414 4014 quo
438 3951 520 4014 opus
542 3930 663 3996 habere
687 3931 855 4016 peritiores
880 3931 1062 4013 videantur,
1092 3932 1220 3997 illorum
1243 3932 1376 4016 potissi·
1415 3974 1416 3977 =

228 4059 317 4103 mum
345 4036 457 4102 usibus
485 4039 665 4122 consulam,
699 4038 754 4123 qui
783 4060 853 4104 sese
881 4040 1004 4124 fingere
1032 4039 1073 4104 ad
1100 4039 1184 4104 hanc
1211 4042 1315 4103 artem
1345 4043 1379 4103 et

229 4144 434 4230 disciplinam
462 4146 604 4230 cupiunt.
650 4146 755 4232 Igitur
782 4168 864 4230 quae
892 4149 926 4211 st
958 4146 1067 4232 qualia
1098 4145 1178 4211 vitia
1208 4168 1280 4211 cum
1312 4145 1379 4214 OD

229 4256 410 4336 traxerunt,
438 4252 566 4318 sublata
593 4275 631 4318 ea
659 4254 692 4318 in
715 4252 757 4337 B,
785 4255 856 4318 tum
879 4251 913 4317 B
941 4253 991 4316 vel
1019 4253 1107 4318 solus
1136 4252 1187 4317 vel
1215 4275 1289 4318 cnm
1313 4252 1379 4319 OD

230 4359 332 4424 traxit
358 4359 487 4424 sublata
514 4359 549 4423 in
576 4361 621 4440 A,
649 4363 719 4425 tum
748 4360 811 4424 sibi
839 4359 972 4445 propria
994 4361 1027 4425 A
1050 4359 1150 4424 habet
1171 4381 1236 4425 non
1258 4382 1378 4445 propa·

231 4469 309 4550 gata
336 4465 370 4530 in
392 4465 426 4531 B
449 4467 500 4533 vel
522 4466 634 4552 1301),
661 4467 774 4532 eadem
797 4471 831 4534 et
854 4466 973 4533 similia
995 4470 1150 4538 nostrone
1172 4466 1242 4531 iure
1266 4466 1378 4532 existi-
