2910 5010
577 385 730 433 masne
1160 366 1221 430 761

80 552 266 615 expromere
295 523 400 615 quam'
426 530 546 595 iustam
580 530 884 595 commentationem
919 550 1097 613 nexamque
1125 529 1223 593 ratio-

78 637 207 704 cinandi
226 637 471 703 continuitatem
495 638 595 702 edere.
631 637 745 721 Itaque
760 660 807 702 ‘ex
829 638 903 721 ipsa
925 637 983 701 illa
1004 636 1116 700 fabula
1130 636 1224 700 Plau-

81 747 153 811 tina
175 768 247 810 eam
266 747 393 830 partem
412 744 526 830 delegi,
551 768 615 831 qua
634 745 760 810 cantica
782 745 991 810 continentur
1013 742 1109 808 initio
1133 746 1224 807 actus
1296 730 1301 740 ’

78 854 112 918 ΙΙ
130 853 251 937 posita:
270 874 406 936 quorum
426 855 463 916 ut
481 853 681 918 canticorum
696 852 840 917 omnium
859 854 893 916 ct
910 850 1102 917 difficillima
1116 873 1223 915 emen·

79 960 168 1025 datio
192 962 242 1023 est
265 962 298 1022 et
320 951 560 1023 dubitationum
588 959 788 1042 plenissima.
834 958 995 1035 Quoniam
1019 961 1127 1022 autem
1151 980 1223 1023 cum

79 1067 261 1132 emendatio
289 1065 394 1131 omnis
422 1086 459 1131 ex
488 1067 694 1151 antiquorum
722 1067 784 1131 fide
812 1067 969 1132 librorum
993 1088 1068 1130 mss.
1096 1066 1224 1151 pendet,

78 1178 151 1239 tum
169 1172 209 1238 ad
232 1172 346 1236 horum
372 1175 405 1236 ct
424 1173 587 1257 propriam
611 1174 752 1238 indolem
777 1172 1071 1238 aestimandam'et
1094 1178 1223 1238 mutuas

79 1283 224 1348 rationes
265 1279 506 1362 perspiciendas
547 1280 620 1362 ipsa
662 1280 789 1344 cantica
829 1279 989 1369 imprimis
1021 1283 1100 1362 apta
1136 1283 1224 1344 sunt:

79 1409 249 1456 scenarum
276 1385 419 1467 illarum,
448 1386 561 1470 quales
589 1386 623 1451 in
651 1386 784 1471 optimis
812 1386 975 1451 codicibus
1004 1385 1145 1469 scriptae
1171 1409 1225 1469 ap·

80 1500 210 1582 parent,
243 1494 373 1577 integra
407 1493 553 1577 exempla
585 1496 712 1558 exstare
745 1494 831 1558 volui
869 1497 991 1577 quanta
1023 1494 1131 1577 potnit
1162 1495 1225 1558 fide

78 1603 331 1689 repraesentata.
367 1598 453 1664 Nam
469 1621 540 1664 cum
555 1600 589 1664 in
603 1600 755 1665 liberiore
775 1622 892 1687 genere
912 1604 1088 1666 metrorum
1114 1602 1226 1683 sciant,

78 1714 134 1798 qui
158 1711 274 1776 horum
296 1730 390 1773 usum
414 1707 550 1791 habent,
579 1709 741 1772 cardinem
770 1708 816 1771 rei
839 1708 874 1773 in
897 1731 935 1772 eo
960 1709 1043 1772 verti
1066 1712 1115 1793 nt,
1144 1730 1225 1792 quae

78 1816 382 1903 distinguendorum
410 1815 496 1879 inter
524 1837 558 1878 se
586 1837 736 1879 versuum
763 1814 848 1879 ratio
877 1814 933 1897 sit,
966 1814 1093 1879 curiose
1116 1815 1225 1879 obser·

79 1928 183 1990 vetur:
210 1923 305 1987 facile
333 1922 534 2005 intellegitur
562 1921 624 1986 hoc
652 1923 722 1986 sola
749 1921 959 1987 annotatione
991 1944 1056 1985 non
1080 1921 1225 2004 potuisse

80 2032 147 2096 ullo
171 2029 266 2096 modo
290 2031 386 2115 quale
409 2032 495 2093 esset
518 2029 601 2093 satis
625 2030 675 2093 vel
698 2030 792 2112 plene
816 2028 867 2092 vel
891 2029 986 2112 plane
1010 2027 1197 2111 significari.

80 2568 261 2634 Vorwort
281 2591 323 2632 zu
343 2567 424 2631 dem
442 2566 667 2651 Programm
687 2564 869 2632 ‘Canticum
884 2566 1039 2631 Pseuduli
1055 2566 1226 2632 Plautinae

468 2672 684 2738 emendatum’
708 2670 835 2757 (1850).

171 2815 403 2903 Exemplorum
421 2838 494 2880 cum
517 2815 635 2899 duplex
658 2815 707 2879 vis
731 2816 788 2899 sit,
813 2793 870 2881 aut
893 2819 929 2880 ut
952 2816 1162 2882 adhortentur
1186 2817 1226 2881 ad
1278 2819 1280 2823 ’

81 2924 274 2990 imitandum
298 2928 354 2988 aut
377 2929 414 2988 ut
436 2923 664 3006 dehortentur,
686 2945 752 2987 non
773 2923 918 3008 profecto
939 2945 955 2988 e
978 2924 1087 3007 priore
1111 2944 1227 3008 genere

81 3031 219 3118 petitum
252 3035 303 3096 cst
334 3031 420 3115 quod
452 3030 537 3094 infra
568 3030 810 3115 proposuimus,
845 3031 900 3095 sed
928 3031 1013 3095 idem
1041 3034 1152 3095 tamen
1179 3032 1227 3096 ita

81 3142 319 3221 comparatum,
346 3140 382 3201 ut
409 3137 443 3201 in
471 3137 543 3222 ipsa
577 3159 704 3202 morum
738 3137 883 3221 nequitia
910 3137 1079 3202 mirificam
1107 3137 1227 3202 habeat

83 3246 125 3310 ab
141 3249 211 3310 arte
225 3244 355 3329 poetica
373 3244 694 3310 commendationem.
736 3242 858 3309 Verum
873 3243 953 3309 haec
976 3267 1029 3309 ars
1053 3247 1167 3328 poetae
1190 3248 1228 3308 ut

82 3375 165 3438 quae
188 3352 359 3437 qualisque
383 3353 439 3436 sit,
467 3355 501 3416 et
522 3352 649 3436 plenius
673 3354 706 3415 et
728 3351 848 3415 rectius
872 3374 969 3436 qnam
994 3351 1098 3415 adhuc
1121 3351 1229 3434 potuit

81 3463 304 3545 pernoscatur,
333 3482 415 3545 opus
442 3482 513 3524 csse
535 3459 695 3544 philologi
723 3462 792 3523 erte
815 3459 1026 3544 intellegetis,
1054 3457 1109 3521 ubi
1132 3456 1227 3522 Plan-

82 3567 171 3632 tinae
194 3589 289 3651 quam
318 3567 411 3632 vobis
435 3567 622 3632 exhibemus
650 3588 764 3632 scenae
788 3589 859 3632 eam
883 3567 1036 3651 speciem,
1066 3587 1147 3649 quae
1171 3585 1228 3647 per

82 3674 287 3739 saeculorum
314 3673 490 3739 intervalla
517 3674 558 3738 ad
586 3677 895 3760 nostram,aetatem
919 3673 1051 3757 prodita
1075 3681 1132 3754 est,
1154 3694 1227 3736 cnm

82 3803 168 3846 nova
195 3780 299 3845 forma
327 3779 593 3866 comparaveritis
622 3802 718 3864 quam
741 3780 799 3844 illa
822 3781 909 3845 iusta
932 3778 1155 3845 emendatione
1179 3780 1227 3844 in-

83 3886 163 3952 dnit.
208 3886 369 3952 Versatur
397 3890 504 3951 autem
533 3908 572 3950 ea
600 3887 633 3951 in
660 3880 840 3951 Pssvnv'nl
868 3886 953 3951 servi
982 3906 1142 3969 sermone,
1173 3887 1228 3969 qui

82 3982 213 4060 fabulae
242 4015 337 4059 scena
360 3992 560 4076 paenultima
582 3993 779 4057 continetur:
808 3992 858 4056 cui
887 3996 919 4056 et
946 3991 1117 4057 verborum
1146 3991 1227 4057 inte-

83 4101 187 4186 gritas
216 4105 248 4165 ct
276 4101 399 4166 sanitas
428 4100 662 4164 sententiarum
691 4105 724 4165 et
756 4120 963 4164 numerorum
991 4099 1154 4182 elegantia
1182 4099 1228 4164 sic

84 4206 148 4271 nisi
171 4207 316 4272 fallimur
337 4230 402 4272 uon
426 4206 687 4291 improbabiliter
708 4206 899 4270 restituitur.

550 4459 761 4470 ,.-.-—----.
