2992 5004
243 348 307 413 348
536 315 795 411 raonnuonnun
817 361 866 406 nn
889 360 1100 409 arrronrnvs

243 513 299 577 ubi
322 512 436 596 pedem
460 511 551 596 figas.
588 507 662 575 Nisi
685 503 771 590 qnod
794 503 874 571 illud
898 503 1060 569 affirmare
1084 505 1282 570 confidenter
1305 505 1393 588 lieet,

243 623 453 705 praepostero
483 618 602 684 iudicio
635 620 669 682 in
699 618 760 683 hac
792 638 907 681 caussa
934 616 1085 680 universa
1115 618 1273 682 orationis
1297 617 1391 683 Milo-

242 728 360 792 nianae
393 727 551 793 editorem
579 724 777 791 Guilelmum
800 722 997 788 Freundium
1030 745 1125 788 usum
1158 745 1242 788 esse:
1285 725 1341 809 qui
1375 746 1392 789 e

242 835 443 900 novieiarum
466 835 645 900 formarum
669 833 769 897 ctiam
797 833 831 897 in
855 831 997 915 antiquis
1020 832 1184 897 codicibus
1206 831 1393 916 frequentia

242 963 340 1025 quam
369 963 386 1005 e
414 942 593 1025 priscarum
618 940 686 1004 sive
710 940 789 1003 item
812 939 994 1023 frequentia
1017 940 1083 1004 sive
1108 941 1272 1023 paucitate
1295 962 1391 1026 argu·

242 1049 380 1113 mentari
405 1049 567 1131 maluerit,
595 1048 657 1112 hac
680 1050 789 1111 autem
814 1046 867 1110 via
889 1067 927 1109 eo
951 1047 1149 1133 pervenerit,
1177 1052 1214 1112 nt
1237 1050 1391 1134 antiquas

242 1155 365 1220 formas
389 1178 455 1221 non
478 1178 548 1221 esse
573 1155 737 1240 antiquas,
762 1154 817 1219 sed
840 1175 956 1237 novas,
979 1177 1081 1220 novas
1105 1160 1213 1221 autem
1238 1177 1309 1220 esse
1335 1179 1392 1220 an·

243 1264 352 1347 tiquas
376 1264 438 1329 sibi
462 1263 683 1346 persuaderet:
706 1283 782 1326 nam
807 1261 880 1325 aliis
904 1282 1017 1327 vereor
1040 1267 1076 1327 ut
1094 1265 1299 1347 persuaserit.
1334 1263 1392 1330 Ge-

242 1374 347 1434 terum
376 1394 440 1455 quo
469 1371 691 1437 vehementius
720 1371 758 1435 de
781 1371 877 1453 louge
901 1370 1051 1454 plurimis
1074 1371 1233 1436 fluctuant
1256 1372 1393 1455 codices,

243 1498 281 1541 eo
305 1478 461 1543 maiorem
486 1500 556 1543 esse
580 1479 677 1543 fidem
700 1499 811 1541 eorum
835 1481 985 1560 apparet,
1015 1477 1054 1541 de
1078 1479 1195 1561 quibus
1220 1484 1277 1544 aut
1299 1498 1392 1544 nnm-

244 1606 339 1669 quam
357 1590 422 1649 aut
444 1586 620 1650 rarissimis
645 1584 800 1669 exemplis
824 1582 926 1648 eidem
950 1584 1027 1649 libri
1053 1585 1257 1651 dissentiunt.

332 1692 422 1759 Haec
444 1693 546 1779 igitur
569 1715 641 1757 cum
666 1692 712 1755 ita
727 1705 805 1756 'esse
829 1691 1077 1775 intellexissem,
1108 1692 1297 1776 bipertitam
1323 1717 1394 1760 esse

243 1820 348 1863 meam
371 1799 406 1862 in
430 1798 492 1863 hoc
515 1821 633 1884 genere
656 1794 788 1882 operam
812 1819 939 1862 omnem
964 1798 1050 1862 volui
1061 1797 1107 1881 *lt
1130 1798 1179 1863 ita
1201 1800 1332 1883 quidem
1357 1808 1393 1867 ut

242 1908 307 1972 alia
336 1907 376 1970 ad
411 1909 517 1971 certae
548 1928 681 1971 normae
711 1905 943 1987 constantiam,
975 1906 1104 1989 qualem
1138 1906 1206 1971 fere
1237 1909 1393 1992 probasse

244 2015 461 2098 antiquiorum
486 2014 656 2098 diligentia
679 2011 967 2097 grammaticorum
991 2012 1163 2094 videretur,
1186 2015 1393 2109 velypraeter

244 2120 403 2185 librorum
437 2121 664 2186 auctoritatem
698 2119 891 2203 redigerem,
928 2121 1065 2184 servatis
1097 2125 1209 2187 tamen
1242 2124 1270 2188 si
1308 2146 1392 2208 quae

243 2227 343 2291 etiam
366 2227 555 2292 vetustioris
575 2228 692 2291 aetatis
712 2226 850 2310 vestigia
868 2226 1026 2292 resedisse
1046 2229 1240 2312 suspicarer:
1264 2232 1300 2295 in
1320 2232 1393 2296 aliis

242 2334 494 2399 inconstantiam
523 2335 683 2400 scribendi
713 2335 815 2399 sciens
848 2335 1036 2418 probarem,
1069 2336 1137 2400 sive
1165 2338 1312 2404 codicum
1340 2363 1393 2405 me

154 2440 318 2504 x⁰1vfidei
347 2442 551 2527 mancipans,
584 2465 664 2526 quos
693 2442 796 2525 ipsius
825 2442 1029 2527 antiquitatis
1059 2443 1314 2510 inconstantiam
1344 2468 1392 2511 re·

242 2552 450 2631 praesentare
474 2549 624 2633 viderem,
648 2550 716 2613 sive
740 2550 824 2634 quod
848 2552 993 2614 veterum
1013 2550 1171 2634 exemplo,
1194 2555 1231 2615 ut
1245 2551 1392 2635 Quincti·

242 2656 334 2738 liani,
370 2655 493 2741 aliquid
524 2679 594 2721 esse
624 2656 834 2741 intellegendi
865 2639 1087 2722 commoditati
1120 2658 1327 2724 tribuendum
1360 2666 1394 2726 et

243 2763 481 2828 concedendum
509 2764 684 2830 hodiernae
713 2763 938 2828 consuetudini
967 2764 1152 2829 arbitrarer.
1203 2764 1252 2829 De
1281 2768 1391 2850 priore

243 2875 351 2935 autem
384 2876 477 2956 parte
511 2873 727 2956 reputandum
760 2875 810 2934 eat
842 2892 893 2933 me
923 2892 989 2935 non
1020 2892 1059 2934 ex
1089 2865 1183 2935 unius
1207 2871 1392 2937 Trinummi

243 2979 445 3044 documentis
475 2979 669 3061 decrevisse,
697 2978 752 3042 sed
781 2999 801 3041 a
824 2978 982 3042 memoria
1003 2978 1156 3042 universa
1180 2977 1393 3044 Ambrosiani

144 3123 147 3129 ·
243 3085 529 3169 Palatinorumque
558 3083 740 3170 profectum
771 3105 854 3147 esse:
892 3106 1097 3168 nequaquam
1130 3085 1215 3149 enim
1248 3108 1309 3170 par
1342 3091 1394 3151 est

243 3193 425 3256 fabularum
445 3191 593 3258 condicio
615 3191 770 3272 omnium,
789 3189 843 3254 sed
864 3189 1001 3254 aliarum
1021 3191 1104 3254 ratio
1120 3191 1193 3256 elia.
1218 3191 1394 3258 Praeterea

244 3299 322 3361 illud
346 3298 589 3379 recordandum,
614 3297 697 3380 quod
724 3297 762 3360 de
782 3295 924 3361 Palatini
944 3295 978 3359 B
1000 3299 1201 3381 praestantia
1224 3299 1257 3362 in
1281 3301 1393 3365 ortho-

244 3407 408 3491 graphicis
431 3405 593 3491 imprimis
617 3404 792 3488 eonspieua
815 3405 920 3486 eapite
944 3402 990 3467 Vl
1014 3405 1095 3469 dixi:
1131 3405 1185 3488 qui
1210 3407 1311 3471 codex
1335 3431 1393 3473 an-

243 3515 415 3599 tiquiorem
440 3514 633 3596 scripturam
658 3511 846 3595 saepissime
871 3511 1014 3575 servavit
1037 3512 1071 3574 in
1095 3512 1312 3578 Ambrosiano
1336 3516 1393 3578 ob·

244 3621 431 3686 litteratam.
657 3624 660 3629 ’

268 3715 270 3719 ‚
333 3727 378 3792 Vt
401 3752 420 3793 a
443 3728 532 3791 vario
557 3748 616 3790 usu
640 3748 662 3789 u
686 3726 815 3790 litterae
840 3727 960 3807 ordiar,
989 3726 1130 3810 primum
1155 3732 1263 3792 antem
1288 3728 1327 3792 de
1350 3751 1393 3810 qu

245 3835 357 3915 dicam,
382 3837 634 3899 consentaneum
658 3837 728 3896 erat
752 3837 784 3896 et
806 3835 878 3914 quot
900 3834 1011 3914 quoius
1034 3837 1221 3897 constanter
1244 3839 1277 3898 et
1299 3856 1395 3916 quom

244 3943 341 4006 scribi
371 3963 443 4006 cum
472 3941 632 4005 similibus
663 3939 828 4004 omnibus:
860 3940 924 4003 nisi
948 3941 1034 4024 quod
1057 3941 1335 4024 praepositionem
1361 3947 1396 4006 et

244 4049 309 4114 vidi
333 4070 460 4132 semper
482 4069 552 4112 urm
575 4045 730 4130 scriptam
754 4051 786 4110 et
810 4046 855 4110 sie
879 4048 1032 4130 scriptam
1052 4047 1201 4111 consulto
1220 4048 1320 4113 tenui.
1354 4048 1394 4114 ln

164 4150 167 4153 ’
244 4155 276 4219 Α
305 4178 369 4218 non
402 4174 474 4232 Qun
505 4159 634 4219 tantum
666 4175 761 4236 saepe
792 4153 951 4236 reperitur
981 4157 1018 4217 ut
1048 4175 1076 4217 v.
1100 4153 1175 4218 404.
1199 4152 1278 4234 671,
1312 4154 1394 4221 item

244 4261 393 4347 (alsonus
411 4263 482 4345 175,
506 4279 591 4338 onia
609 4261 640 4324 h.
656 4282 681 4324 e.
697 4262 771 4324 calio
794 4259 846 4341 45,
870 4282 952 4343 quae
976 4260 1136 4324 scribendi
1160 4260 1244 4323 ratio
1264 4281 1281 4324 c
1302 4269 1396 4330 certa

334 4489 359 4557 *)
380 4488 432 4560 [Gt
453 4487 554 4558 Opusc.
572 4489 642 4559 phil.
661 4489 699 4542 lV
718 4508 745 4560 p,
767 4496 817 4543 146
836 4489 943 4559 annot]
