2986 5010
427 365 689 413 nuannsrrours
716 366 923 413 rnsvrrnsa.
1181 353 1246 415 469

101 531 296 593 quamquam
320 509 358 573 de
381 514 511 574 meumu
533 531 634 594 prope
658 510 743 573 idem
765 510 852 575 valet
875 511 958 594 quod
982 510 1093 594 paullo
1113 513 1188 576 ante
1207 509 1246 574 de

100 615 228 681 herens.
264 615 313 679 De
336 616 433 680 tertio
458 616 604 699 exemplo
628 616 717 680 Trin.
741 617 820 681 661:

53 772 54 775 ’
189 757 319 841 Ρ666611
342 759 480 843 nequeo:
504 760 601 824 simul
619 760 706 849 pipat
727 782 843 842 parum
867 759 985 843 pude're
1009 763 1041 823 tc

101 900 188 965 infra
212 899 337 965 dicendi
362 901 590 984 opportunitas
615 902 742 967 redibit.

189 1009 300 1074 Prior
323 1014 431 1074 autem
455 1032 545 1094 pars
570 1010 752 1075 tetrametri
776 1033 848 1075 cum
873 1032 890 1073 e
913 1010 1033 1075 oretioo
1057 1014 1090 1074 et
1112 1010 1245 1094 penthe-

100 1115 227 1180 mimeri
255 1116 395 1181 iambico
424 1120 565 1201 constet,
593 1117 633 1181 de
661 1122 798 1200 utroque
822 1097 969 1181 seorsum
993 1116 1163 1181 dicendum
1187 1120 1245 1198 est,

99 1223 289 1288 ordiendum
313 1229 434 1288 autem'
447 1223 489 1288 ab
512 1224 652 1289 iambica
675 1228 783 1308 parte:

212 1406 271 1418 ..
319 1364 604 1433 .}uLu-uss
640 1407 966 1419 .......

100 1492 204 1567 Quam
229 1491 285 1555 ubi
310 1491 421 1556 dixero
450 1495 483 1555 et
510 1491 599 1576 leges
623 1497 656 1555 et
679 1491 860 1576 elegantias
884 1494 917 1555 et
940 1493 1107 1558 cautiones
1130 1516 1242 1577 prope·

99 1598 231 1662 modum
259 1619 371 1662 omnes
399 1619 472 1662 cum
501 1597 580 1682 ipsis
605 1598 740 1662 senariis
763 1620 950 1663 communes
974 1598 1108 1683 habere,
1140 1623 1245 1684 pauca

99 1709 194 1770 erunt
217 1726 300 1790 quae
324 1704 493 1769 addantur.
524 1704 669 1769 Primum
687 1705 788 1790 igitur
806 1713 871 1769 'non
890 1705 1126 1790 frequentiores
1146 1728 1243 1790 qnam

22 1857 24 1861 -
98 1813 131 1876 in
155 1813 291 1877 senariis
321 1811 355 1876 hi
384 1817 460 1877 sunt
487 1813 528 1876 ab
557 1812 650 1877 initio
675 1813 847 1877 verborum
872 1813 999 1878 ordines
1023 1827 1072 1863 02
1088 1813 1093 1878 l
1108 1831 1175 1897 w,
1207 1819 1244 1877 ut

98 1917 283 1983 1616322.
311 1919 404 1983 1124.
430 1919 525 1984 1123.
553 1918 669 1984 Bacch.
694 1920 768 1984 666.
795 1920 879 1983 1103
905 1919 993 1999 [703.
1020 1920 1132 2000 1142]:

186 2059 248 2136 Qui
270 2060 360 2145 ipsus
385 2059 575 2146 6161166116
599 2061 705 2145 place't
727 2084 785 2125 nec
807 2113 1146 2127 ......

185 2168 257 2232 Hae
281 2168 389 2233 sonitu
468 2168 551 2254 1666
575 2170 700 2233 moram
723 2167 805 2232 mihi
872 2221 1145 2234 .....

186 2257 250 2359 11ςὶ
274 2275 303 2339 61
327 2276 373 2340 rei
470 2274 613 2360 (fundus
638 2277 731 2359 pater
755 2277 798 2340 sit
872 2328 1145 2341 .....

185 2379 336 2447 Ceterum
468 2381 652 2467 lqnantrim
676 2382 768 2446 16666
790 2406 841 2447 me
872 2434 1144 2448 .....

185 2489 274 2553 Haec
298 2511 375 2553 oues
467 2487 587 2575 166616
611 2491 730 2554 malam
754 2513 822 2554 rem
871 2541 1144 2556 .....

97 2630 196 2695 Porro
224 2632 323 2696 etiam
351 2633 578 2716 anapaestioae
602 2633 835 2716 spondiaoaeve
859 2634 946 2698 vocis
970 2656 1028 2717 par
1051 2625 1100 2698 est
1123 2635 1155 2697 in
1183 2656 1239 2698 66-
1293 2691 1296 2695 .

96 2737 218 2802 cundo
251 2739 344 2824 pede
378 2740 505 2804 raritas
550 2739 596 2804 Et
626 2762 700 2803 vere
734 2739 863 2824 quidem
896 2741 1239 2823 anapaesticaein

95 2849 165 2910 tota
189 2845 378 2911 Trinummo
410 2845 691 2930 Bacchidibusque
722 2846 904 2929 exemplum
936 2868 1002 2911 non
1032 2850 1151 2930 exstat,
1183 2848 1238 2911 sed

95 2956 224 3017 tantum
252 2953 292 3017 ad
322 2953 463 3037 aliquam
491 2952 581 3017 illius
610 2953 854 3018 similitudinem
884 2953 1069 3018 accedentia
1092 2958 1128 3018 ut
1150 2954 1238 3018 Trio.

95 3059 158 3124 351
183 3065 212 3124 et
233 3061 319 3126 illu‘c:

184 3201 275 3278 Quod
298 3201 402 3267 habes
425 3206 466 3268 ne'
490 3203 624 3267 habeas:
649 3206 681 3266 et
704 3202 781 3268 11166
805 3203 891 3286 quod
935 3255 941 3266 .
1002 3255 1007 3266 .
1069 3256 1074 3267 .
1135 3257 1140 3267 .

94 3344 165 3431 (ubi
188 3349 298 3409 tamen
323 3351 499 3429 oxytonum
522 3346 634 3411 666666
657 3347 818 3430 excipiens
842 3350 1038 3431 anapaestus
1064 3347 1115 3410 vix
1138 3349 1236 3430 placi·

93 3457 186 3517 turus
211 3453 349 3536 sitnisi
373 3453 591 3537 interpunctio
615 3451 821 3538 intercedat),
843 3453 894 3517 vel
918 3453 1017 3517 etiam
1041 3454 1145 3538 magis
1169 3476 1394 3520 am-ooxxxvn

94 3561 193 3646 higna
216 3560 251 3622 io
273 3557 321 3637 cci,
345 3560 381 3624 66
402 3559 471 3623 edm
493 3560 583 3624 Trin.
610 3561 703 3624 1066.
726 3559 1071 3641 Barcanorum.
1091 3559 1179 3643 684],
1202 3559 1237 3623 16
1379 3551 1383 3560 ’

94 3668 210 3751 quibus
234 3655 272 3730 ἔα
295 3653 364 3730 tom
382 3666 610 3750 monosyllaba
628 3687 699 3731 esse
721 3670 872 3750 possunt:
896 3665 1011 3750 quibus
1031 3665 1236 3729 6666611616-

94 3775 238 3859 gularem
264 3773 422 3838 rationem
448 3772 571 3839 habens
593 3775 690 3855 19166
713 3771 801 3838 Trin.
825 3774 904 3837 333:

115 4000 117 4002 v
182 3916 278 3981 Nihil
310 3918 457 3981 istorum.
514 3916 596 3994 Quid
626 3915 747 3996 ipitclr?
802 3914 864 3979 Per
900 3915 1086 3979 comitatem
1123 3914 1237 3998 edepol

945 4027 1050 4105 pater:

45 4158 50 4165 ’
93 4150 148 4214 661
187 4150 386 4232 anapaestioi
423 4149 548 4213 numeri
588 4146 790 4211 vehementia
827 4167 960 4231 prorsus
997 4167 1034 4210 eo
1073 4145 1237 4210 emollitur

94 4256 179 4341 quod
202 4257 235 4321 in
260 4256 406 4341 paeonis,
439 4256 495 4319 sed
518 4255 552 4319 in
576 4255 682 4337 prirri
706 4251 834 4335 syllaba
857 4250 976 4315 intensi
1000 4252 1133 4335 paeonis
1158 4252 1235 4316 leni-

93 4367 194 4427 tatem
219 4367 336 4428 ooeunt
357 4362 529 4445 precipitur
552 4360 706 4445 syllabae.
729 4358 815 4424 Nam
835 4358 934 4422 etiam
952 4379 1027 4422 vere
1050 4359 1236 4442 paeonica

13 4485 20 4490 ·
94 4469 265 4552 voeabula,
289 4469 350 4533 etsi
374 4469 486 4534 crebra
509 4490 574 4533 non
598 4470 686 4551 sunt,
708 4465 792 4531 nihil
817 4465 1002 4531 offensionis
1025 4464 1084 4528 illo
1107 4464 1140 4529 in
1164 4466 1235 4531 loco
