<?xml version="1.0" encoding="UTF-8"?>
<!DOCTYPE html PUBLIC "-//W3C//DTD XHTML 1.0 Transitional//EN"
    "http://www.w3.org/TR/xhtml1/DTD/xhtml1-transitional.dtd">
<html xmlns="http://www.w3.org/1999/xhtml" xml:lang="en" lang="en">
 <head>
  <title>
</title>
<meta http-equiv="Content-Type" content="text/html;charset=utf-8" />
  <meta name='ocr-system' content='tesseract 3.04.00' />
  <meta name='ocr-capabilities' content='ocr_page ocr_carea ocr_par ocr_line ocrx_word'/>
</head>
<body>
  <div class='ocr_page' id='page_1' title='image "./fridericiritsch05wachgoog_0648.png"; bbox 0 0 2918 5004; ppageno 0'>
   <div class='ocr_carea' id='block_1_1' title="bbox 460 326 1220 390">
    <p class='ocr_par' dir='ltr' id='par_1_1' title="bbox 460 326 1220 390">
     <span class='ocr_line' id='line_1_1' title="bbox 460 326 1220 390; baseline 0.008 -6"><span class='ocrx_word' id='word_1_1' title='bbox 460 338 696 387; x_wconf 74' lang='lat' dir='ltr'>unumunurm</span> <span class='ocrx_word' id='word_1_2' title='bbox 720 339 845 387; x_wconf 78' lang='lat' dir='ltr'>nuncu.</span> <span class='ocrx_word' id='word_1_3' title='bbox 1158 326 1220 390; x_wconf 84' lang='grc'>631</span> 
     </span>
    </p>
   </div>
   <div class='ocr_carea' id='block_1_2' title="bbox 72 480 1223 2900">
    <p class='ocr_par' dir='ltr' id='par_1_2' title="bbox 72 480 1223 2900">
     <span class='ocr_line' id='line_1_2' title="bbox 76 480 1221 568; baseline 0.003 -22"><span class='ocrx_word' id='word_1_4' title='bbox 76 483 189 547; x_wconf 88' lang='lat' dir='ltr'>sertim</span> <span class='ocrx_word' id='word_1_5' title='bbox 214 483 256 565; x_wconf 92' lang='lat' dir='ltr'>ei,</span> <span class='ocrx_word' id='word_1_6' title='bbox 285 482 339 565; x_wconf 93' lang='lat' dir='ltr'>qui</span> <span class='ocrx_word' id='word_1_7' title='bbox 368 481 460 546; x_wconf 89' lang='lat' dir='ltr'>libris</span> <span class='ocrx_word' id='word_1_8' title='bbox 483 480 517 546; x_wconf 90' lang='lat' dir='ltr'>in</span> <span class='ocrx_word' id='word_1_9' title='bbox 541 481 707 564; x_wconf 90' lang='lat' dir='ltr'>publicum</span> <span class='ocrx_word' id='word_1_10' title='bbox 731 482 824 547; x_wconf 88' lang='lat' dir='ltr'>editis</span> <span class='ocrx_word' id='word_1_11' title='bbox 847 484 911 547; x_wconf 89' lang='lat' dir='ltr'>iam</span> <span class='ocrx_word' id='word_1_12' title='bbox 936 483 1046 567; x_wconf 91' lang='lat' dir='ltr'>aliqua</span> <span class='ocrx_word' id='word_1_13' title='bbox 1069 506 1107 548; x_wconf 87' lang='lat' dir='ltr'>ex</span> <span class='ocrx_word' id='word_1_14' title='bbox 1130 487 1221 568; x_wconf 89' lang='lat' dir='ltr'>parte</span> 
     </span>
     <span class='ocr_line' id='line_1_3' title="bbox 74 587 1221 674; baseline 0.004 -22"><span class='ocrx_word' id='word_1_15' title='bbox 74 589 283 653; x_wconf 74' lang='lat' dir='ltr'>inclaruerit?</span> <span class='ocrx_word' id='word_1_16' title='bbox 318 588 434 652; x_wconf 90' lang='lat' dir='ltr'>hocine</span> <span class='ocrx_word' id='word_1_17' title='bbox 473 587 634 652; x_wconf 88' lang='lat' dir='ltr'>scribendi</span> <span class='ocrx_word' id='word_1_18' title='bbox 667 588 913 674; x_wconf 80' lang='lat' dir='ltr'>disputandique</span> <span class='ocrx_word' id='word_1_19' title='bbox 950 590 1122 654; x_wconf 88' lang='lat' dir='ltr'>consilium</span> <span class='ocrx_word' id='word_1_20' title='bbox 1158 593 1221 657; x_wconf 89' lang='lat' dir='ltr'>cui-</span> 
     </span>
     <span class='ocr_line' id='line_1_4' title="bbox 77 695 1221 780; baseline 0.005 -21"><span class='ocrx_word' id='word_1_21' title='bbox 77 717 173 780; x_wconf 88' lang='lat' dir='ltr'>qnam</span> <span class='ocrx_word' id='word_1_22' title='bbox 201 695 298 761; x_wconf 89' lang='lat' dir='ltr'>hodie</span> <span class='ocrx_word' id='word_1_23' title='bbox 326 695 410 760; x_wconf 89' lang='lat' dir='ltr'>serio</span> <span class='ocrx_word' id='word_1_24' title='bbox 439 696 541 760; x_wconf 88' lang='lat' dir='ltr'>teneri</span> <span class='ocrx_word' id='word_1_25' title='bbox 571 695 731 774; x_wconf 83' lang='lat' dir='ltr'>videatur,</span> <span class='ocrx_word' id='word_1_26' title='bbox 763 718 804 760; x_wconf 90' lang='lat' dir='ltr'>an</span> <span class='ocrx_word' id='word_1_27' title='bbox 833 696 911 761; x_wconf 88' lang='lat' dir='ltr'>dicis</span> <span class='ocrx_word' id='word_1_28' title='bbox 940 719 1055 762; x_wconf 79' lang='lat' dir='ltr'>caussa</span> <span class='ocrx_word' id='word_1_29' title='bbox 1083 702 1221 765; x_wconf 86' lang='lat' dir='ltr'>exerceri</span> 
     </span>
     <span class='ocr_line' id='line_1_5' title="bbox 75 801 1221 889; baseline 0.003 -22"><span class='ocrx_word' id='word_1_30' title='bbox 75 824 134 867; x_wconf 89' lang='lat' dir='ltr'>nec</span> <span class='ocrx_word' id='word_1_31' title='bbox 150 801 216 866; x_wconf 88' lang='lat' dir='ltr'>fere</span> <span class='ocrx_word' id='word_1_32' title='bbox 234 803 419 888; x_wconf 91' lang='lat' dir='ltr'>plusquam</span> <span class='ocrx_word' id='word_1_33' title='bbox 434 803 584 868; x_wconf 88' lang='lat' dir='ltr'>umbram</span> <span class='ocrx_word' id='word_1_34' title='bbox 603 803 765 888; x_wconf 87' lang='lat' dir='ltr'>quandam</span> <span class='ocrx_word' id='word_1_35' title='bbox 784 825 912 868; x_wconf 86' lang='lat' dir='ltr'>servare</span> <span class='ocrx_word' id='word_1_36' title='bbox 930 805 1008 887; x_wconf 90' lang='lat' dir='ltr'>eius,</span> <span class='ocrx_word' id='word_1_37' title='bbox 1030 827 1126 889; x_wconf 88' lang='lat' dir='ltr'>quam</span> <span class='ocrx_word' id='word_1_38' title='bbox 1144 806 1221 871; x_wconf 87' lang='lat' dir='ltr'>olim</span> 
     </span>
     <span class='ocr_line' id='line_1_6' title="bbox 76 909 1222 999; baseline 0.005 -26"><span class='ocrx_word' id='word_1_39' title='bbox 76 909 235 989; x_wconf 81' lang='lat' dir='ltr'>habuerit,</span> <span class='ocrx_word' id='word_1_40' title='bbox 259 911 455 996; x_wconf 78' lang='lat' dir='ltr'>gravitatis?</span> <span class='ocrx_word' id='word_1_41' title='bbox 492 910 616 988; x_wconf 84' lang='lat' dir='ltr'>Quibus</span> <span class='ocrx_word' id='word_1_42' title='bbox 641 911 774 975; x_wconf 88' lang='lat' dir='ltr'>minime</span> <span class='ocrx_word' id='word_1_43' title='bbox 797 911 967 975; x_wconf 87' lang='lat' dir='ltr'>haeremus</span> <span class='ocrx_word' id='word_1_44' title='bbox 992 912 1067 996; x_wconf 92' lang='lat' dir='ltr'>quid</span> <span class='ocrx_word' id='word_1_45' title='bbox 1090 935 1222 999; x_wconf 91' lang='lat' dir='ltr'>respon-</span> 
     </span>
     <span class='ocr_line' id='line_1_7' title="bbox 75 1016 1223 1104; baseline 0.003 -24"><span class='ocrx_word' id='word_1_46' title='bbox 75 1017 218 1082; x_wconf 86' lang='lat' dir='ltr'>deamus.</span> <span class='ocrx_word' id='word_1_47' title='bbox 264 1016 412 1102; x_wconf 87' lang='lat' dir='ltr'>Namque</span> <span class='ocrx_word' id='word_1_48' title='bbox 440 1041 522 1104; x_wconf 90' lang='lat' dir='ltr'>quae</span> <span class='ocrx_word' id='word_1_49' title='bbox 550 1020 638 1082; x_wconf 90' lang='lat' dir='ltr'>reete</span> <span class='ocrx_word' id='word_1_50' title='bbox 661 1022 695 1082; x_wconf 90' lang='lat' dir='ltr'>et</span> <span class='ocrx_word' id='word_1_51' title='bbox 718 1019 881 1101; x_wconf 83' lang='lat' dir='ltr'>sapienter</span> <span class='ocrx_word' id='word_1_52' title='bbox 904 1040 923 1082; x_wconf 89' lang='lat' dir='ltr'>a</span> <span class='ocrx_word' id='word_1_53' title='bbox 947 1018 1123 1083; x_wconf 88' lang='lat' dir='ltr'>maioribus</span> <span class='ocrx_word' id='word_1_54' title='bbox 1147 1025 1223 1084; x_wconf 90' lang='lat' dir='ltr'>sunt</span> 
     </span>
     <span class='ocr_line' id='line_1_8' title="bbox 77 1124 1222 1227; baseline 0.003 -40"><span class='ocrx_word' id='word_1_55' title='bbox 77 1124 242 1203; x_wconf 84' lang='lat' dir='ltr'>instituta,</span> <span class='ocrx_word' id='word_1_56' title='bbox 270 1126 298 1189; x_wconf 87' lang='lat' dir='ltr'>si</span> <span class='ocrx_word' id='word_1_57' title='bbox 323 1124 452 1211; x_wconf 90' lang='lat' dir='ltr'>quando</span> <span class='ocrx_word' id='word_1_58' title='bbox 481 1147 595 1208; x_wconf 88' lang='lat' dir='ltr'>parum</span> <span class='ocrx_word' id='word_1_59' title='bbox 620 1125 791 1190; x_wconf 85' lang='lat' dir='ltr'>retinuisse</span> <span class='ocrx_word' id='word_1_60' title='bbox 815 1125 1151 1227; x_wconf 65' lang='lat' dir='ltr'>pristinaeutilitatis</span> <span class='ocrx_word' id='word_1_61' title='bbox 1175 1127 1222 1191; x_wconf 93' lang='lat' dir='ltr'>iu-</span> 
     </span>
     <span class='ocr_line' id='line_1_9' title="bbox 74 1231 1222 1317; baseline 0.002 -22"><span class='ocrx_word' id='word_1_62' title='bbox 74 1231 233 1314; x_wconf 87' lang='lat' dir='ltr'>dicentur,</span> <span class='ocrx_word' id='word_1_63' title='bbox 257 1236 315 1297; x_wconf 87' lang='lat' dir='ltr'>aut</span> <span class='ocrx_word' id='word_1_64' title='bbox 338 1233 497 1297; x_wconf 87' lang='lat' dir='ltr'>abolenda</span> <span class='ocrx_word' id='word_1_65' title='bbox 520 1238 598 1296; x_wconf 87' lang='lat' dir='ltr'>sunt</span> <span class='ocrx_word' id='word_1_66' title='bbox 621 1236 692 1312; x_wconf 87' lang='lat' dir='ltr'>aut,</span> <span class='ocrx_word' id='word_1_67' title='bbox 719 1233 871 1317; x_wconf 88' lang='lat' dir='ltr'>quamdiu</span> <span class='ocrx_word' id='word_1_68' title='bbox 895 1255 960 1297; x_wconf 94' lang='lat' dir='ltr'>non</span> <span class='ocrx_word' id='word_1_69' title='bbox 985 1237 1062 1297; x_wconf 92' lang='lat' dir='ltr'>sunt</span> <span class='ocrx_word' id='word_1_70' title='bbox 1089 1232 1222 1316; x_wconf 88' lang='lat' dir='ltr'>abolita,</span> 
     </span>
     <span class='ocr_line' id='line_1_10' title="bbox 76 1338 1221 1423; baseline 0 -21"><span class='ocrx_word' id='word_1_71' title='bbox 76 1338 219 1422; x_wconf 82' lang='lat' dir='ltr'>graviter</span> <span class='ocrx_word' id='word_1_72' title='bbox 248 1339 370 1403; x_wconf 88' lang='lat' dir='ltr'>tuenda</span> <span class='ocrx_word' id='word_1_73' title='bbox 405 1342 438 1403; x_wconf 91' lang='lat' dir='ltr'>et</span> <span class='ocrx_word' id='word_1_74' title='bbox 467 1338 644 1404; x_wconf 84' lang='lat' dir='ltr'>exercenda</span> <span class='ocrx_word' id='word_1_75' title='bbox 677 1345 814 1404; x_wconf 88' lang='lat' dir='ltr'>strenue.</span> <span class='ocrx_word' id='word_1_76' title='bbox 868 1338 960 1416; x_wconf 86' lang='lat' dir='ltr'>Quod</span> <span class='ocrx_word' id='word_1_77' title='bbox 992 1361 1064 1403; x_wconf 89' lang='lat' dir='ltr'>oum</span> <span class='ocrx_word' id='word_1_78' title='bbox 1096 1340 1221 1423; x_wconf 89' lang='lat' dir='ltr'>pridem</span> 
     </span>
     <span class='ocr_line' id='line_1_11' title="bbox 74 1444 1221 1530; baseline 0.003 -23"><span class='ocrx_word' id='word_1_79' title='bbox 74 1444 154 1508; x_wconf 89' lang='lat' dir='ltr'>mibi</span> <span class='ocrx_word' id='word_1_80' title='bbox 178 1445 425 1529; x_wconf 89' lang='lat' dir='ltr'>persuasissem,</span> <span class='ocrx_word' id='word_1_81' title='bbox 452 1448 523 1509; x_wconf 90' lang='lat' dir='ltr'>tum</span> <span class='ocrx_word' id='word_1_82' title='bbox 546 1468 723 1530; x_wconf 78' lang='lat' dir='ltr'>numquam</span> <span class='ocrx_word' id='word_1_83' title='bbox 752 1445 881 1530; x_wconf 87' lang='lat' dir='ltr'>planius</span> <span class='ocrx_word' id='word_1_84' title='bbox 910 1446 1092 1529; x_wconf 87' lang='lat' dir='ltr'>perspicere</span> <span class='ocrx_word' id='word_1_85' title='bbox 1123 1467 1221 1529; x_wconf 89' lang='lat' dir='ltr'>quam</span> 
     </span>
     <span class='ocr_line' id='line_1_12' title="bbox 77 1542 1221 1635; baseline 0.002 -21"><span class='ocrx_word' id='word_1_86' title='bbox 77 1542 110 1615; x_wconf 86' lang='lat' dir='ltr'>in</span> <span class='ocrx_word' id='word_1_87' title='bbox 133 1551 194 1615; x_wconf 91' lang='lat' dir='ltr'>hac</span> <span class='ocrx_word' id='word_1_88' title='bbox 217 1552 288 1634; x_wconf 87' lang='lat' dir='ltr'>ipsa</span> <span class='ocrx_word' id='word_1_89' title='bbox 316 1552 440 1616; x_wconf 90' lang='lat' dir='ltr'>incluta</span> <span class='ocrx_word' id='word_1_90' title='bbox 468 1552 635 1617; x_wconf 85' lang='lat' dir='ltr'>academia</span> <span class='ocrx_word' id='word_1_91' title='bbox 659 1553 756 1617; x_wconf 76' lang='lat' dir='ltr'>licuit.</span> <span class='ocrx_word' id='word_1_92' title='bbox 802 1551 887 1617; x_wconf 89' lang='lat' dir='ltr'>Huic</span> <span class='ocrx_word' id='word_1_93' title='bbox 911 1552 996 1616; x_wconf 92' lang='lat' dir='ltr'>enim</span> <span class='ocrx_word' id='word_1_94' title='bbox 1020 1574 1152 1635; x_wconf 92' lang='lat' dir='ltr'>prorsus</span> <span class='ocrx_word' id='word_1_95' title='bbox 1177 1552 1221 1616; x_wconf 91' lang='lat' dir='ltr'>in-</span> 
     </span>
     <span class='ocr_line' id='line_1_13' title="bbox 75 1658 1221 1744; baseline 0.002 -22"><span class='ocrx_word' id='word_1_96' title='bbox 75 1659 183 1723; x_wconf 84' lang='lat' dir='ltr'>tellexi</span> <span class='ocrx_word' id='word_1_97' title='bbox 212 1659 377 1743; x_wconf 90' lang='lat' dir='ltr'>proprium</span> <span class='ocrx_word' id='word_1_98' title='bbox 410 1659 614 1742; x_wconf 90' lang='lat' dir='ltr'>splendorem</span> <span class='ocrx_word' id='word_1_99' title='bbox 645 1660 753 1744; x_wconf 90' lang='lat' dir='ltr'>parari</span> <span class='ocrx_word' id='word_1_100' title='bbox 784 1681 842 1723; x_wconf 90' lang='lat' dir='ltr'>nec</span> <span class='ocrx_word' id='word_1_101' title='bbox 875 1658 1071 1722; x_wconf 87' lang='lat' dir='ltr'>mediocrem</span> <span class='ocrx_word' id='word_1_102' title='bbox 1104 1681 1142 1723; x_wconf 85' lang='lat' dir='ltr'>ex</span> <span class='ocrx_word' id='word_1_103' title='bbox 1173 1681 1221 1741; x_wconf 90' lang='lat' dir='ltr'>eo,</span> 
     </span>
     <span class='ocr_line' id='line_1_14' title="bbox 75 1755 1218 1850; baseline 0 -21"><span class='ocrx_word' id='word_1_104' title='bbox 75 1764 170 1849; x_wconf 87' lang='lat' dir='ltr'>quod,</span> <span class='ocrx_word' id='word_1_105' title='bbox 195 1755 327 1849; x_wconf 88' lang='lat' dir='ltr'>quaein</span> <span class='ocrx_word' id='word_1_106' title='bbox 351 1765 424 1830; x_wconf 91' lang='lat' dir='ltr'>aliis</span> <span class='ocrx_word' id='word_1_107' title='bbox 449 1766 651 1850; x_wconf 88' lang='lat' dir='ltr'>quibusdam,</span> <span class='ocrx_word' id='word_1_108' title='bbox 674 1787 753 1849; x_wconf 89' lang='lat' dir='ltr'>quas</span> <span class='ocrx_word' id='word_1_109' title='bbox 778 1765 906 1849; x_wconf 91' lang='lat' dir='ltr'>quidem</span> <span class='ocrx_word' id='word_1_110' title='bbox 929 1765 1084 1849; x_wconf 86' lang='lat' dir='ltr'>noverim,</span> <span class='ocrx_word' id='word_1_111' title='bbox 1109 1765 1218 1831; x_wconf 86' lang='lat' dir='ltr'>acade-</span> 
     </span>
     <span class='ocr_line' id='line_1_15' title="bbox 76 1871 1219 1956; baseline 0.002 -21"><span class='ocrx_word' id='word_1_112' title='bbox 76 1872 150 1936; x_wconf 88' lang='lat' dir='ltr'>miis</span> <span class='ocrx_word' id='word_1_113' title='bbox 175 1872 207 1935; x_wconf 93' lang='lat' dir='ltr'>in</span> <span class='ocrx_word' id='word_1_114' title='bbox 232 1872 337 1936; x_wconf 90' lang='lat' dir='ltr'>lusum</span> <span class='ocrx_word' id='word_1_115' title='bbox 361 1872 486 1956; x_wconf 88' lang='lat' dir='ltr'>pridem</span> <span class='ocrx_word' id='word_1_116' title='bbox 511 1874 691 1955; x_wconf 82' lang='lat' dir='ltr'>verterunt,</span> <span class='ocrx_word' id='word_1_117' title='bbox 713 1871 766 1936; x_wconf 91' lang='lat' dir='ltr'>hic</span> <span class='ocrx_word' id='word_1_118' title='bbox 790 1873 918 1956; x_wconf 92' lang='lat' dir='ltr'>quidem</span> <span class='ocrx_word' id='word_1_119' title='bbox 944 1877 1084 1937; x_wconf 87' lang='lat' dir='ltr'>veterem</span> <span class='ocrx_word' id='word_1_120' title='bbox 1108 1876 1141 1937; x_wconf 88' lang='lat' dir='ltr'>et</span> <span class='ocrx_word' id='word_1_121' title='bbox 1164 1895 1219 1937; x_wconf 93' lang='lat' dir='ltr'>an-</span> 
     </span>
     <span class='ocr_line' id='line_1_16' title="bbox 77 1977 1220 2064; baseline 0.001 -21"><span class='ocrx_word' id='word_1_122' title='bbox 77 1979 204 2064; x_wconf 87' lang='lat' dir='ltr'>tiquam</span> <span class='ocrx_word' id='word_1_123' title='bbox 239 1977 431 2063; x_wconf 82' lang='lat' dir='ltr'>dignitatem</span> <span class='ocrx_word' id='word_1_124' title='bbox 464 1979 628 2063; x_wconf 88' lang='lat' dir='ltr'>praeclare</span> <span class='ocrx_word' id='word_1_125' title='bbox 657 1982 787 2044; x_wconf 89' lang='lat' dir='ltr'>tuentur</span> <span class='ocrx_word' id='word_1_126' title='bbox 814 1984 848 2044; x_wconf 92' lang='lat' dir='ltr'>et</span> <span class='ocrx_word' id='word_1_127' title='bbox 878 1981 1080 2045; x_wconf 88' lang='lat' dir='ltr'>retinuerunt</span> <span class='ocrx_word' id='word_1_128' title='bbox 1111 1979 1220 2044; x_wconf 89' lang='lat' dir='ltr'>lauda·</span> 
     </span>
     <span class='ocr_line' id='line_1_17' title="bbox 73 2084 1176 2152; baseline 0.001 -1"><span class='ocrx_word' id='word_1_129' title='bbox 73 2087 190 2152; x_wconf 88' lang='lat' dir='ltr'>biliter.</span> <span class='ocrx_word' id='word_1_130' title='bbox 221 2101 250 2123; x_wconf 83' lang='lat'>&#39;·</span> <span class='ocrx_word' id='word_1_131' title='bbox 1174 2084 1176 2089; x_wconf 48' lang='lat'><strong>⁴</strong></span> 
     </span>
     <span class='ocr_line' id='line_1_18' title="bbox 166 2194 1218 2280; baseline 0 -20"><span class='ocrx_word' id='word_1_132' title='bbox 166 2197 274 2280; x_wconf 70' lang='lat' dir='ltr'>Atqm</span> <span class='ocrx_word' id='word_1_133' title='bbox 301 2194 364 2259; x_wconf 89' lang='lat' dir='ltr'>hoc</span> <span class='ocrx_word' id='word_1_134' title='bbox 391 2195 530 2259; x_wconf 86' lang='lat' dir='ltr'>alterum</span> <span class='ocrx_word' id='word_1_135' title='bbox 559 2194 644 2271; x_wconf 81' lang='lat' dir='ltr'>illud</span> <span class='ocrx_word' id='word_1_136' title='bbox 667 2199 730 2280; x_wconf 87' lang='lat' dir='ltr'>est,</span> <span class='ocrx_word' id='word_1_137' title='bbox 759 2195 844 2280; x_wconf 91' lang='lat' dir='ltr'>quod</span> <span class='ocrx_word' id='word_1_138' title='bbox 873 2196 969 2260; x_wconf 92' lang='lat' dir='ltr'>initio</span> <span class='ocrx_word' id='word_1_139' title='bbox 993 2194 1218 2280; x_wconf 86' lang='lat' dir='ltr'>significabam</span> 
     </span>
     <span class='ocr_line' id='line_1_19' title="bbox 72 2300 1218 2387; baseline 0 -21"><span class='ocrx_word' id='word_1_140' title='bbox 72 2301 170 2367; x_wconf 91' lang='lat' dir='ltr'>huius</span> <span class='ocrx_word' id='word_1_141' title='bbox 208 2300 435 2387; x_wconf 87' lang='lat' dir='ltr'>praefationis,</span> <span class='ocrx_word' id='word_1_142' title='bbox 472 2323 543 2365; x_wconf 89' lang='lat' dir='ltr'>cum</span> <span class='ocrx_word' id='word_1_143' title='bbox 582 2302 765 2385; x_wconf 82' lang='lat' dir='ltr'>argumenti</span> <span class='ocrx_word' id='word_1_144' title='bbox 806 2301 949 2365; x_wconf 87' lang='lat' dir='ltr'>taedium</span> <span class='ocrx_word' id='word_1_145' title='bbox 984 2301 1130 2366; x_wconf 89' lang='lat' dir='ltr'>dicebam</span> <span class='ocrx_word' id='word_1_146' title='bbox 1159 2324 1218 2386; x_wconf 92' lang='lat' dir='ltr'>pro</span> 
     </span>
     <span class='ocr_line' id='line_1_20' title="bbox 77 2407 1218 2495; baseline 0 -21"><span class='ocrx_word' id='word_1_147' title='bbox 77 2409 164 2474; x_wconf 85' lang='lat' dir='ltr'>virili</span> <span class='ocrx_word' id='word_1_148' title='bbox 187 2412 280 2494; x_wconf 83' lang='lat' dir='ltr'>parte</span> <span class='ocrx_word' id='word_1_149' title='bbox 304 2431 364 2473; x_wconf 89' lang='lat' dir='ltr'>nos</span> <span class='ocrx_word' id='word_1_150' title='bbox 388 2412 663 2493; x_wconf 86' lang='lat' dir='ltr'>compensatnros.</span> <span class='ocrx_word' id='word_1_151' title='bbox 691 2407 781 2495; x_wconf 28' lang='lat' dir='ltr'>&#39;Hoc</span> <span class='ocrx_word' id='word_1_152' title='bbox 804 2408 904 2493; x_wconf 81' lang='lat' dir='ltr'>igitur</span> <span class='ocrx_word' id='word_1_153' title='bbox 927 2409 1079 2492; x_wconf 90' lang='lat' dir='ltr'>quoniam</span> <span class='ocrx_word' id='word_1_154' title='bbox 1104 2408 1145 2473; x_wconf 90' lang='lat' dir='ltr'>ad</span> <span class='ocrx_word' id='word_1_155' title='bbox 1164 2431 1218 2474; x_wconf 89' lang='lat' dir='ltr'>eos</span> 
     </span>
     <span class='ocr_line' id='line_1_21' title="bbox 73 2512 1218 2601; baseline 0.002 -23"><span class='ocrx_word' id='word_1_156' title='bbox 73 2537 199 2600; x_wconf 87' lang='lat' dir='ltr'>quoque</span> <span class='ocrx_word' id='word_1_157' title='bbox 218 2515 370 2601; x_wconf 87' lang='lat' dir='ltr'>pertinet,</span> <span class='ocrx_word' id='word_1_158' title='bbox 388 2537 524 2600; x_wconf 88' lang='lat' dir='ltr'>qnorum</span> <span class='ocrx_word' id='word_1_159' title='bbox 548 2514 630 2580; x_wconf 90' lang='lat' dir='ltr'>nihil</span> <span class='ocrx_word' id='word_1_160' title='bbox 649 2512 793 2597; x_wconf 78' lang='lat' dir='ltr'>interest,</span> <span class='ocrx_word' id='word_1_161' title='bbox 817 2515 855 2579; x_wconf 91' lang='lat' dir='ltr'>de</span> <span class='ocrx_word' id='word_1_162' title='bbox 875 2515 956 2579; x_wconf 87' lang='lat' dir='ltr'>Gaio</span> <span class='ocrx_word' id='word_1_163' title='bbox 976 2517 1008 2578; x_wconf 90' lang='lat' dir='ltr'>et</span> <span class='ocrx_word' id='word_1_164' title='bbox 1027 2513 1218 2599; x_wconf 83' lang='lat' dir='ltr'>Sempronio</span> 
     </span>
     <span class='ocr_line' id='line_1_22' title="bbox 73 2620 1218 2706; baseline 0.001 -21"><span class='ocrx_word' id='word_1_165' title='bbox 73 2644 114 2686; x_wconf 84' lang='lat' dir='ltr'>an</span> <span class='ocrx_word' id='word_1_166' title='bbox 134 2621 172 2686; x_wconf 87' lang='lat' dir='ltr'>de</span> <span class='ocrx_word' id='word_1_167' title='bbox 191 2620 257 2687; x_wconf 91' lang='lat' dir='ltr'>Oro</span> <span class='ocrx_word' id='word_1_168' title='bbox 277 2626 310 2685; x_wconf 90' lang='lat' dir='ltr'>et</span> <span class='ocrx_word' id='word_1_169' title='bbox 329 2622 447 2688; x_wconf 88' lang='lat' dir='ltr'>Orione</span> <span class='ocrx_word' id='word_1_170' title='bbox 467 2621 566 2686; x_wconf 87' lang='lat' dir='ltr'>verba</span> <span class='ocrx_word' id='word_1_171' title='bbox 584 2621 750 2702; x_wconf 86' lang='lat' dir='ltr'>faciamus,</span> <span class='ocrx_word' id='word_1_172' title='bbox 769 2621 870 2704; x_wconf 90' lang='lat' dir='ltr'>probe</span> <span class='ocrx_word' id='word_1_173' title='bbox 888 2643 949 2685; x_wconf 92' lang='lat' dir='ltr'>nos</span> <span class='ocrx_word' id='word_1_174' title='bbox 968 2621 1218 2706; x_wconf 89' lang='lat' dir='ltr'>meminerimus,</span> 
     </span>
     <span class='ocr_line' id='line_1_23' title="bbox 73 2726 1217 2813; baseline 0 -21"><span class='ocrx_word' id='word_1_175' title='bbox 73 2729 129 2813; x_wconf 93' lang='lat' dir='ltr'>qui</span> <span class='ocrx_word' id='word_1_176' title='bbox 152 2729 187 2792; x_wconf 92' lang='lat' dir='ltr'>in</span> <span class='ocrx_word' id='word_1_177' title='bbox 210 2732 371 2794; x_wconf 85' lang='lat' dir='ltr'>certamen</span> <span class='ocrx_word' id='word_1_178' title='bbox 395 2750 480 2794; x_wconf 88' lang='lat' dir='ltr'>nunc</span> <span class='ocrx_word' id='word_1_179' title='bbox 504 2749 615 2793; x_wconf 86' lang='lat' dir='ltr'>sumus</span> <span class='ocrx_word' id='word_1_180' title='bbox 639 2728 852 2811; x_wconf 82' lang='lat' dir='ltr'>progressuri.</span> <span class='ocrx_word' id='word_1_181' title='bbox 897 2726 1011 2812; x_wconf 91' lang='lat' dir='ltr'>Neque</span> <span class='ocrx_word' id='word_1_182' title='bbox 1035 2728 1121 2792; x_wconf 89' lang='lat' dir='ltr'>enim</span> <span class='ocrx_word' id='word_1_183' title='bbox 1145 2750 1217 2792; x_wconf 88' lang='lat' dir='ltr'>cnm</span> 
     </span>
     <span class='ocr_line' id='line_1_24' title="bbox 74 2834 1217 2900; baseline 0 -1"><span class='ocrx_word' id='word_1_184' title='bbox 74 2834 232 2899; x_wconf 85' lang='lat' dir='ltr'>acerrimo</span> <span class='ocrx_word' id='word_1_185' title='bbox 255 2835 355 2899; x_wconf 90' lang='lat' dir='ltr'>immo</span> <span class='ocrx_word' id='word_1_186' title='bbox 380 2836 504 2900; x_wconf 87' lang='lat' dir='ltr'>ardenti</span> <span class='ocrx_word' id='word_1_187' title='bbox 528 2835 677 2899; x_wconf 81' lang='lat' dir='ltr'>veritatis</span> <span class='ocrx_word' id='word_1_188' title='bbox 701 2834 808 2898; x_wconf 87' lang='lat' dir='ltr'>studio</span> <span class='ocrx_word' id='word_1_189' title='bbox 832 2834 996 2900; x_wconf 89' lang='lat' dir='ltr'>conciliari</span> <span class='ocrx_word' id='word_1_190' title='bbox 1020 2856 1059 2899; x_wconf 87' lang='lat' dir='ltr'>ea</span> <span class='ocrx_word' id='word_1_191' title='bbox 1082 2835 1132 2899; x_wconf 85' lang='lat' dir='ltr'>vel</span> <span class='ocrx_word' id='word_1_192' title='bbox 1160 2835 1217 2899; x_wconf 93' lang='lat' dir='ltr'>hu-</span> 
     </span>
    </p>
   </div>
   <div class='ocr_carea' id='block_1_3' title="bbox 73 2940 1218 3033">
    <p class='ocr_par' dir='ltr' id='par_1_3' title="bbox 73 2940 1218 3033">
     <span class='ocr_line' id='line_1_25' title="bbox 73 2940 1218 3033; baseline 0.001 -29"><span class='ocrx_word' id='word_1_193' title='bbox 73 2940 213 3004; x_wconf 87' lang='lat' dir='ltr'>manitas</span> <span class='ocrx_word' id='word_1_194' title='bbox 236 2941 349 3025; x_wconf 90' lang='lat' dir='ltr'>nequit</span> <span class='ocrx_word' id='word_1_195' title='bbox 377 2941 667 3029; x_wconf 25' lang='lat' dir='ltr'>velltemperantia</span> <span class='ocrx_word' id='word_1_196' title='bbox 696 2944 729 3004; x_wconf 91' lang='lat' dir='ltr'>et</span> <span class='ocrx_word' id='word_1_197' title='bbox 757 2944 792 3005; x_wconf 89' lang='lat' dir='ltr'>nt</span> <span class='ocrx_word' id='word_1_198' title='bbox 821 2942 944 3033; x_wconf 84' lang='lat' dir='ltr'>Graece</span> <span class='ocrx_word' id='word_1_199' title='bbox 965 2941 1069 3005; x_wconf 89' lang='lat' dir='ltr'>dicam</span> <span class='ocrx_word' id='word_1_200' title='bbox 1095 2961 1218 3021; x_wconf 79' lang='grc' dir='ltr'>(ωφρο-</span> 
     </span>
    </p>
   </div>
   <div class='ocr_carea' id='block_1_4' title="bbox 71 3047 1217 3220">
    <p class='ocr_par' dir='ltr' id='par_1_4' title="bbox 71 3047 1217 3220">
     <span class='ocr_line' id='line_1_26' title="bbox 73 3047 1217 3133; baseline -0.001 -21"><span class='ocrx_word' id='word_1_201' title='bbox 73 3048 166 3127; x_wconf 84' lang='grc' dir='ltr'>(ὑνη,</span> <span class='ocrx_word' id='word_1_202' title='bbox 200 3069 284 3131; x_wconf 89' lang='lat' dir='ltr'>quae</span> <span class='ocrx_word' id='word_1_203' title='bbox 316 3052 349 3112; x_wconf 90' lang='lat' dir='ltr'>et</span> <span class='ocrx_word' id='word_1_204' title='bbox 382 3049 564 3113; x_wconf 87' lang='lat' dir='ltr'>litterarum</span> <span class='ocrx_word' id='word_1_205' title='bbox 597 3049 790 3133; x_wconf 77' lang='lat' dir='ltr'>(lignitatem</span> <span class='ocrx_word' id='word_1_206' title='bbox 822 3053 855 3112; x_wconf 93' lang='lat' dir='ltr'>et</span> <span class='ocrx_word' id='word_1_207' title='bbox 886 3048 1036 3112; x_wconf 85' lang='lat' dir='ltr'>liberales</span> <span class='ocrx_word' id='word_1_208' title='bbox 1069 3047 1217 3111; x_wconf 89' lang='lat' dir='ltr'>homines</span> 
     </span>
     <span class='ocr_line' id='line_1_27' title="bbox 71 3155 170 3220; baseline 0 -1"><span class='ocrx_word' id='word_1_209' title='bbox 71 3155 170 3220; x_wconf 89' lang='lat' dir='ltr'>decet.</span> 
     </span>
    </p>
   </div>
   <div class='ocr_carea' id='block_1_5' title="bbox 627 3517 656 3578">
    <p class='ocr_par' dir='ltr' id='par_1_5' title="bbox 627 3517 656 3578">
     <span class='ocr_line' id='line_1_28' title="bbox 627 3517 656 3578; baseline 0 0"><span class='ocrx_word' id='word_1_210' title='bbox 627 3517 656 3578; x_wconf 79' lang='lat'>2.</span> 
     </span>
    </p>
   </div>
   <div class='ocr_carea' id='block_1_6' title="bbox 73 3653 1217 3846">
    <p class='ocr_par' dir='ltr' id='par_1_6' title="bbox 73 3653 1217 3846">
     <span class='ocr_line' id='line_1_29' title="bbox 73 3653 1215 3742; baseline -0.001 -23"><span class='ocrx_word' id='word_1_211' title='bbox 73 3654 206 3721; x_wconf 86' lang='lat' dir='ltr'>Oratio</span> <span class='ocrx_word' id='word_1_212' title='bbox 238 3656 281 3719; x_wconf 91' lang='lat' dir='ltr'>de</span> <span class='ocrx_word' id='word_1_213' title='bbox 313 3657 433 3721; x_wconf 89' lang='lat' dir='ltr'>studii</span> <span class='ocrx_word' id='word_1_214' title='bbox 469 3657 706 3742; x_wconf 79' lang='lat' dir='ltr'>philologici</span> <span class='ocrx_word' id='word_1_215' title='bbox 737 3661 774 3720; x_wconf 91' lang='lat' dir='ltr'>et</span> <span class='ocrx_word' id='word_1_216' title='bbox 804 3655 1074 3720; x_wconf 90' lang='lat' dir='ltr'>institutionis</span> <span class='ocrx_word' id='word_1_217' title='bbox 1108 3653 1215 3718; x_wconf 91' lang='lat' dir='ltr'>scho-</span> 
     </span>
     <span class='ocr_line' id='line_1_30' title="bbox 75 3760 1217 3846; baseline -0.001 -21"><span class='ocrx_word' id='word_1_218' title='bbox 75 3762 243 3826; x_wconf 89' lang='lat' dir='ltr'>lasticae</span> <span class='ocrx_word' id='word_1_219' title='bbox 263 3762 551 3826; x_wconf 83' lang='lat' dir='ltr'>necessitudine</span> <span class='ocrx_word' id='word_1_220' title='bbox 575 3764 745 3826; x_wconf 89' lang='lat' dir='ltr'>muneris</span> <span class='ocrx_word' id='word_1_221' title='bbox 770 3761 1001 3846; x_wconf 89' lang='lat' dir='ltr'>professorii</span> <span class='ocrx_word' id='word_1_222' title='bbox 1026 3760 1217 3824; x_wconf 89' lang='lat' dir='ltr'>ordinarii</span> 
     </span>
    </p>
   </div>
   <div class='ocr_carea' id='block_1_7' title="bbox 28 3867 1215 4040">
    <p class='ocr_par' dir='ltr' id='par_1_7' title="bbox 28 3867 1215 4040">
     <span class='ocr_line' id='line_1_31' title="bbox 28 3867 1215 3949; baseline -0.003 -16"><span class='ocrx_word' id='word_1_223' title='bbox 28 3886 34 3896; x_wconf 87' lang='lat'>·</span> <span class='ocrx_word' id='word_1_224' title='bbox 73 3869 112 3933; x_wconf 94' lang='lat' dir='ltr'>in</span> <span class='ocrx_word' id='word_1_225' title='bbox 145 3868 403 3932; x_wconf 84' lang='lat' dir='ltr'>universitate</span> <span class='ocrx_word' id='word_1_226' title='bbox 441 3870 664 3934; x_wconf 89' lang='lat' dir='ltr'>litterarum</span> <span class='ocrx_word' id='word_1_227' title='bbox 699 3867 1006 3933; x_wconf 82' lang='lat' dir='ltr'>Vratislaviensi</span> <span class='ocrx_word' id='word_1_228' title='bbox 1043 3867 1215 3949; x_wconf 90' lang='lat' dir='ltr'>suseepti</span> 
     </span>
     <span class='ocr_line' id='line_1_32' title="bbox 180 3973 1109 4040; baseline -0.001 -1"><span class='ocrx_word' id='word_1_229' title='bbox 180 3997 317 4039; x_wconf 89' lang='lat' dir='ltr'>caussa</span> <span class='ocrx_word' id='word_1_230' title='bbox 340 3973 399 4039; x_wconf 88' lang='lat' dir='ltr'>‹lie</span> <span class='ocrx_word' id='word_1_231' title='bbox 423 3975 517 4039; x_wconf 85' lang='lat' dir='ltr'>XXII</span> <span class='ocrx_word' id='word_1_232' title='bbox 540 3999 582 4039; x_wconf 89' lang='lat' dir='ltr'>m.</span> <span class='ocrx_word' id='word_1_233' title='bbox 605 3975 777 4040; x_wconf 85' lang='lat' dir='ltr'>Ianuarii</span> <span class='ocrx_word' id='word_1_234' title='bbox 802 3999 830 4039; x_wconf 89' lang='lat' dir='ltr'>a.</span> <span class='ocrx_word' id='word_1_235' title='bbox 857 3976 940 4040; x_wconf 86' lang='grc'>1836</span> <span class='ocrx_word' id='word_1_236' title='bbox 965 3973 1109 4038; x_wconf 90' lang='lat' dir='ltr'>habita.</span> 
     </span>
    </p>
   </div>
   <div class='ocr_carea' id='block_1_8' title="bbox 72 4116 1216 4523">
    <p class='ocr_par' dir='ltr' id='par_1_8' title="bbox 72 4116 1216 4523">
     <span class='ocr_line' id='line_1_33' title="bbox 163 4116 1216 4202; baseline 0 -22"><span class='ocrx_word' id='word_1_237' title='bbox 163 4116 233 4194; x_wconf 86' lang='lat' dir='ltr'>Quo</span> <span class='ocrx_word' id='word_1_238' title='bbox 249 4140 305 4181; x_wconf 85' lang='lat' dir='ltr'>vos</span> <span class='ocrx_word' id='word_1_239' title='bbox 320 4116 439 4200; x_wconf 82' lang='lat' dir='ltr'>libello,</span> <span class='ocrx_word' id='word_1_240' title='bbox 462 4117 644 4183; x_wconf 83' lang='lat' dir='ltr'>academiae</span> <span class='ocrx_word' id='word_1_241' title='bbox 659 4140 789 4202; x_wconf 86' lang='lat' dir='ltr'>praeses</span> <span class='ocrx_word' id='word_1_242' title='bbox 804 4118 955 4196; x_wconf 73' lang='lat' dir='ltr'>illustris,</span> <span class='ocrx_word' id='word_1_243' title='bbox 973 4121 1079 4181; x_wconf 89' lang='lat' dir='ltr'>rector</span> <span class='ocrx_word' id='word_1_244' title='bbox 1093 4117 1216 4201; x_wconf 88' lang='lat' dir='ltr'>magni·</span> 
     </span>
     <span class='ocr_line' id='line_1_34' title="bbox 72 4223 1214 4309; baseline -0.002 -21"><span class='ocrx_word' id='word_1_245' title='bbox 72 4226 145 4308; x_wconf 87' lang='lat' dir='ltr'>fiee,</span> <span class='ocrx_word' id='word_1_246' title='bbox 173 4224 373 4307; x_wconf 88' lang='lat' dir='ltr'>professores</span> <span class='ocrx_word' id='word_1_247' title='bbox 400 4229 433 4288; x_wconf 89' lang='lat' dir='ltr'>et</span> <span class='ocrx_word' id='word_1_248' title='bbox 461 4226 609 4290; x_wconf 89' lang='lat' dir='ltr'>doctores</span> <span class='ocrx_word' id='word_1_249' title='bbox 638 4224 843 4309; x_wconf 86' lang='lat' dir='ltr'>amplissimi,</span> <span class='ocrx_word' id='word_1_250' title='bbox 873 4223 1030 4288; x_wconf 74' lang='lat' dir='ltr'>canssimi</span> <span class='ocrx_word' id='word_1_251' title='bbox 1059 4223 1214 4287; x_wconf 92' lang='lat' dir='ltr'>commili-</span> 
     </span>
     <span class='ocr_line' id='line_1_35' title="bbox 73 4329 1215 4416; baseline -0.003 -22"><span class='ocrx_word' id='word_1_252' title='bbox 73 4336 181 4415; x_wconf 89' lang='lat' dir='ltr'>tones,</span> <span class='ocrx_word' id='word_1_253' title='bbox 205 4331 320 4416; x_wconf 90' lang='lat' dir='ltr'>reliqui</span> <span class='ocrx_word' id='word_1_254' title='bbox 339 4331 504 4397; x_wconf 89' lang='lat' dir='ltr'>auditores</span> <span class='ocrx_word' id='word_1_255' title='bbox 523 4332 733 4414; x_wconf 87' lang='lat' dir='ltr'>ornatissimi,</span> <span class='ocrx_word' id='word_1_256' title='bbox 756 4331 795 4395; x_wconf 91' lang='lat' dir='ltr'>ad</span> <span class='ocrx_word' id='word_1_257' title='bbox 815 4332 899 4395; x_wconf 89' lang='lat' dir='ltr'>hano</span> <span class='ocrx_word' id='word_1_258' title='bbox 923 4330 1104 4394; x_wconf 86' lang='lat' dir='ltr'>orationem</span> <span class='ocrx_word' id='word_1_259' title='bbox 1123 4329 1215 4392; x_wconf 88' lang='lat' dir='ltr'>benc-</span> 
     </span>
     <span class='ocr_line' id='line_1_36' title="bbox 75 4434 1215 4523; baseline -0.002 -21"><span class='ocrx_word' id='word_1_260' title='bbox 75 4438 146 4503; x_wconf 82' lang='lat' dir='ltr'>vole</span> <span class='ocrx_word' id='word_1_261' title='bbox 179 4438 369 4503; x_wconf 87' lang='lat' dir='ltr'>audiendam</span> <span class='ocrx_word' id='word_1_262' title='bbox 401 4440 551 4523; x_wconf 86' lang='lat' dir='ltr'>invitavi,</span> <span class='ocrx_word' id='word_1_263' title='bbox 583 4441 613 4503; x_wconf 93' lang='lat' dir='ltr'>in</span> <span class='ocrx_word' id='word_1_264' title='bbox 644 4462 681 4504; x_wconf 93' lang='lat' dir='ltr'>eo</span> <span class='ocrx_word' id='word_1_265' title='bbox 710 4461 760 4504; x_wconf 90' lang='lat' dir='ltr'>me</span> <span class='ocrx_word' id='word_1_266' title='bbox 789 4438 953 4522; x_wconf 87' lang='lat' dir='ltr'>professus</span> <span class='ocrx_word' id='word_1_267' title='bbox 986 4458 1057 4500; x_wconf 90' lang='lat' dir='ltr'>sum</span> <span class='ocrx_word' id='word_1_268' title='bbox 1090 4434 1128 4500; x_wconf 90' lang='lat' dir='ltr'>de</span> <span class='ocrx_word' id='word_1_269' title='bbox 1155 4436 1215 4501; x_wconf 86' lang='lat' dir='ltr'>tali</span> 
     </span>
    </p>
   </div>
   <div class='ocr_carea' id='block_1_9' title="bbox 0 0 1464 5004">
    <p class='ocr_par' dir='ltr' id='par_1_9' title="bbox 0 0 1464 5004">
     <span class='ocr_line' id='line_1_37' title="bbox 0 0 1464 5004; baseline 0 1"><span class='ocrx_word' id='word_1_270' title='bbox 0 0 1464 5004; x_wconf 95' lang='lat' dir='ltr'> </span> 
     </span>
    </p>
   </div>
  </div>
 </body>
</html>
