3006 5016
307 355 380 399 UNI)
405 355 464 401 DIE
489 353 673 402 LBlPZlGEIt
698 355 1019 402 PLAUTUSSTUDIEN.
1196 341 1234 403 ll

402 493 456 547 Hic
475 493 524 549 ubi
544 494 668 549 excelsos
687 494 829 550 celebrata
847 513 940 550 muros

402 584 516 639 Sarsina
534 584 620 639 tollit.

340 675 486 742 Quumque
505 673 630 729 bissenos
649 676 807 743 superasset
825 690 925 741 annos,

402 763 500 832 lugani
518 763 609 817 cultor
627 763 736 834 fugiens
756 766 902 832 paternum

401 850 500 906 Limen
519 852 554 906 ad
574 869 693 922 magnae
713 870 832 922 propere
850 854 965 908 recessit

401 942 514 997 Moenia
533 942 646 999 Itomae.
706 942 713 955 ‘

339 1030 464 1087 Dulciter
483 1031 574 1086 claras
592 1031 752 1087 modulatur
771 1035 845 1087 artes

400 1121 551 1190 Tempore,
570 1120 692 1175 invictus
711 1121 793 1187 Cato,
813 1122 928 1178 Fulvius
948 1141 1003 1191 quo

402 1209 511 1280 Scipio,
530 1213 559 1265 et
578 1211 653 1265 fama
671 1209 775 1266 celebri
794 1228 914 1281 perenne

400 1300 537 1370 Prorogat
556 1316 664 1355 aevum.

340 1388 493 1444 Criminum
511 1389 639 1444 altricem
658 1388 767 1443 domuit
785 1389 928 1444 iuventam

400 1477 517 1548 Saepius
536 1478 635 1549 longas
653 1476 798 1548 vigilando
818 1481 929 1547 noctes,

399 1568 479 1622 Vnde
498 1567 588 1622 divini
605 1566 708 1621 tacitus
726 1567 848 1636 resurgit

399 1655 523 1712 Pectoris
542 1655 632 1710 ardor.

247 1762 254 1767 ·
337 1749 458 1816 Asperos
477 1744 565 1799 sensit
583 1747 677 1799 tamen
697 1744 761 1799 inde
781 1761 876 1800 cursus

401 1835 483 1890 Vitae
502 1834 532 1889 et
549 1834 645 1889 infesti
663 1835 789 1904 precium
808 1833 926 1902 laboris;

401 1926 473 1980 Nam
493 1924 597 1979 molam
617 1923 685 1976 duro
706 1921 811 1978 Cereris
830 1924 962 1979 terendae

398 2014 511 2069 Munere
530 2011 628 2069 volvit.

337 2105 383 2159 Dii
401 2103 469 2160 boni
488 2104 592 2172 quanto
610 2102 703 2158 studio
723 2104 752 2157 et
770 2102 859 2158 nitore

397 2194 452 2249 Hie
471 2210 535 2248 suos
553 2194 652 2247 auctor
670 2192 785 2248 decorat
802 2192 925 2247 libellos!

398 2283 494 2354 Carpit
512 2300 547 2338 en
567 2283 663 2337 luxum
682 2282 807 2351 variique
826 2283 964 2335 monstrat

398 2373 538 2443 Dogmata
555 2371 648 2427 saecli.

338 2463 439 2532 Cerne,
458 2462 641 2516 circaeam
661 2459 788 2529 sequitur
806 2459 959 2515 Minervam

401 2552 524 2620 Vultque
543 2550 579 2604 ad
597 2548 741 2619 exemplar
759 2548 866 2619 pariter
884 2549 983 2618 vagari

399 2641 491 2709 illius,
511 2639 611 2694 Graiae
630 2638 679 2707 qui
697 2640 759 2693 erat
777 2640 806 2693 et
825 2638 943 2694 Sicanae

400 2729 497 2784 Gloria
514 2731 613 2784 terrae.
702 2778 704 2790 ,

342 2818 404 2873 Non
422 2835 493 2886 queo
512 2817 610 2872 laudes
629 2816 742 2871 meritas
762 2816 864 2871 reterre

399 2908 467 2961 Tam
487 2906 527 2976 pii
546 2907 618 2962 vatis
637 2923 752 2960 numero
772 2905 816 2959 vel
836 2921 893 2973 ore,

398 2995 486 3060 Quem
506 2997 620 3066 stupent
638 2994 739 3050 summi
758 2991 976 3060 medioximique

397 3085 537 3139 Laudibus
556 3086 663 3139 ornant.

124 3566 151 3612 3.
182 3554 308 3610 Sieben
327 3552 541 3622 Epigramma
560 3550 620 3604 auf
636 3549 689 3603 die
708 3546 974 3603 Plautiniseheu
993 3545 1184 3601 Comddien.

76 3687 149 3753 (Aua
161 3679 290 3736 ‘Stichus
303 3676 450 3732 Plautinus
464 3675 628 3746 pudicitiam
643 3692 676 3730 ao
690 3674 848 3730 maritalem
867 3674 951 3728 fidem
971 3670 1056 3725 etiam
1075 3671 1104 3725 in
1118 3671 1231 3727 sinistra

96 3774 215 3827 fortuna
234 3767 400 3823 servandam
418 3782 477 3820 esse
496 3765 609 3820 docens’
631 3764 754 3835 Leipzig,
773 3763 873 3817 Melch.
893 3763 992 3816 Lotter
1012 3766 1088 3826 1512,
1108 3761 1163 3814 und
1184 3759 1210 3813 in

233 3858 323 3913 eiuem
344 3872 432 3910 neuen
452 3854 584 3908 Abdruelz
604 3871 656 3908 von
680 3860 755 3920 1513,
776 3856 824 3906 auf
841 3854 904 3905 dem
924 3850 1081 3917 Titelblutt)

78 4005 138 4059 l'iti
153 3999 283 4056 Vuerleri
299 3999 437 4052 distichon
453 3997 480 4050 iu
492 3997 684 4052 plautinarum
700 3997 858 4051 fabularum
869 3995 1022 4049 utilitatem
1034 3993 1227 4061 compositum.

246 4123 301 4188 Qui
321 4101 398 4193 cupis
416 4124 452 4178 ad
471 4123 545 4177 vitae
565 4122 674 4192 frugem
692 4122 844 4189 Latiasque
865 4119 1019 4175 camoenas

300 4213 432 4282 Pergere,
450 4227 486 4267 ne
504 4210 628 4266 dubites:
648 4211 743 4266 omnia
760 4209 876 4264 Plautus
895 4207 990 4264 habet.

549 4297 642 4352 Aliud.

244 4389 328 4444 Actes
347 4388 537 4458 Thespiadum
556 4390 585 4443 et
603 4386 696 4442 varios
715 4403 765 4456 pro
784 4388 910 4456 tempore
927 4400 1019 4440 mores

299 4477 423 4532 Plautini
441 4479 596 4533 monstrant
614 4478 888 4545 commemorautque
907 4475 987 4531 sales.
