2940 5004
417 349 680 398 annnorrrorrs
705 351 913 398 resvrrraa.
1172 334 1236 399 503

93 518 120 560 v.
143 496 218 560 954.
245 495 329 560 1054
354 493 407 575 [cf.
431 515 530 577 supra
554 517 584 576 p.
607 495 703 577 327]:

182 620 234 703 Ᾰιι
257 639 313 703 ille
336 641 404 704 tam
428 640 514 703 esset
537 636 667 721 stultus,
691 638 746 721 qui
770 638 847 703 mila
870 638 958 702 mssle
981 660 1149 704 nummum
1172 641 1236 704 cre‘-

945 744 1043 811 deret.

182 853 253 919 Hoc
282 854 336 939 qui
365 854 399 919 in
423 856 566 918 mentem
590 854 717 919 uenerit
738 853 831 932 mihi,
864 856 898 917 re
922 855 1139 920 commonitus
1164 860 1235 919 siim
1276 890 1281 896 -

945 960 1050 1028 modo.

91 1068 235 1145 Quorum
258 1068 421 1152 posterius
445 1068 590 1152 asperius
614 1071 664 1132 est
686 1070 808 1153 priore:
832 1091 907 1133 nam
930 1069 966 1133 in
988 1067 1051 1133 hoc
1073 1069 1135 1133 etsi
1159 1069 1237 1134 mibi

89 1198 154 1241 non
183 1178 293 1259 potest
321 1196 398 1239 sane
431 1197 496 1240 non
521 1175 676 1261 coniungi
699 1197 772 1240 cum
795 1176 862 1258 qai,
894 1174 980 1240 idem
1003 1178 1111 1240 tamen
1136 1176 1235 1240 etiam

91 1284 130 1348 ad
161 1283 365 1367 insequentia
394 1283 550 1366 pertinet:
587 1287 701 1348 contra
730 1283 764 1348 in
795 1282 899 1348 altero
930 1305 1003 1347 cum
1034 1283 1114 1347 solis
1144 1304 1234 1366 prae·

91 1392 212 1479 gressis
239 1390 318 1455 mibi
344 1413 462 1456 nexum
491 1396 554 1476 est,
586 1392 627 1456 ab
653 1391 699 1456 eis
724 1413 806 1476 quae
831 1394 1011 1476 sequuntur
1034 1412 1166 1475 prorsus
1190 1389 1235 1455 di·

90 1503 261 1583 remptum.
306 1499 419 1583 Itaque
448 1499 534 1564 haud
565 1499 632 1564 scio
661 1521 703 1563 an
731 1521 795 1563 non
824 1500 905 1587 satis
929 1497 1128 1564 confidenter
1151 1497 1235 1561 hanc

89 1605 376 1689 transpositionem
400 1607 572 1672 verborum

179 1730 250 1795 Hoc
272 1730 329 1815 qui
352 1729 478 1795 uenerit
501 1730 545 1794 mi
569 1730 602 1794 in
627 1733 781 1814 mentem,
810 1732 844 1794 re‘
868 1753 893 1795 c.
918 1753 942 1795 s.
967 1753 1006 1794 m.

90 1879 219 1940 tantum
248 1875 282 1938 in
311 1873 524 1938 annotatione
553 1871 762 1937 laudaverim.
804 1872 910 1958 Magis
933 1873 1047 1937 haeret
1069 1872 1107 1936 de
1131 1873 1234 1960 altero

89 2004 184 2047 versu
215 1980 387 2046 iudicium:
424 1981 478 2065 qui
513 1980 574 2045 etsi
606 1979 773 2044 lenissima
801 1980 981 2044 mutatione
1009 1980 1050 2044 ad
1078 1978 1232 2043 usitatam

90 2089 342 2154 concinnitatem
366 2083 412 2152 sic
435 2090 619 2152 revocatur:

176 2214 227 2296 rin
251 2231 399 2296 illatam
423 2233 509 2296 esset
533 2229 666 2313 stdltus,
689 2229 767 2293 inihi
789 2230 843 2312 qai
866 2252 907 2293 m.
930 2252 961 2294 n.
985 2251 1020 2313 c,

88 2380 197 2440 tamen
230 2379 299 2439 tam
332 2374 414 2438 exile
448 2374 509 2439 hoc
540 2371 747 2457 potissimum
779 2371 858 2436 nerlii
885 2394 1062 2456 pronomen
1092 2377 1155 2456 est,
1188 2378 1233 2458 ut,

88 2483 306 2549 etiamsinon
330 2481 536 2546 scribendum
561 2480 605 2545 sit
627 2480 672 2543 mi
696 2484 771 2543 ante
795 2485 1035 2563 consonantem,
1058 2483 1168 2545 tamen
1192 2482 1231 2545 ad

88 2589 332 2673 monosyllabae
361 2587 636 2674 pronuntiationis
666 2584 874 2671 rapiditatem
903 2588 1049 2670 proxime
1077 2588 1232 2653 accedens

86 2698 139 2762 vix
162 2697 335 2783 quicquam
360 2696 529 2761 molestiae
554 2695 686 2760 auribus
711 2694 825 2758 afferre
849 2692 1043 2780 videatur.*)
1080 2695 1172 2771 Quod
1195 2699 1232 2758 ut

87 2804 223 2869 sentiam
249 2803 313 2867 alia
336 2825 387 2867 me
412 2802 533 2867 similia
556 2801 703 2883 exempla
726 2804 859 2864 movent
882 2805 919 2865 ut
935 2801 1054 2866 Bacch.
1072 2801 1146 2865 505.
1166 2801 1230 2865 679

86 2912 174 2992 [537.
199 2912 292 2992 716]:

174 3018 262 3084 Cena
284 3018 386 3084 detur.
423 3015 497 3081 Non
520 3014 628 3100 placet
650 3013 729 3078 mihi
752 3015 831 3079 ce‘na
854 3036 936 3097 quae
961 3014 1058 3078 bilem
1081 3017 1200 3078 mouet.

176 3123 261 3202 Quid
289 3146 373 3189 nunc
397 3146 431 3187 es
455 3122 624 3187 faetdrus‘?
662 3121 694 3185 id
718 3120 795 3185 mibi
818 3119 897 3185 dice.
943 3121 1112 3185 Coctumst
1134 3123 1230 3204 pran-

939 3228 1036 3293 dium.

85 3341 209 3407 Verum
233 3344 361 3427 praeter
379 3339 462 3404 hauc
482 3337 556 3402 aliie
576 3335 840 3401 excusationibus
860 3335 966 3400 locum
985 3334 1117 3399 concedi
1136 3355 1228 3418 nego.

85 3450 188 3515 Valde
211 3449 352 3515 insolens
376 3450 427 3513 est
450 3470 479 3511 v.
494 3446 560 3510 935
583 3443 635 3508 his
659 3443 831 3508 verborum
856 3442 1023 3507 ordinibus
1047 3458 1091 3490 -ὐ
1105 3439 1110 3506 Ι
1125 3463 1144 3490 υ
1165 3441 1228 3504 dis-

85 3558 197 3638 pestus
221 3555 255 3619 in
277 3558 395 3640 quarto
418 3552 498 3637 pede
522 3551 667 3635 dactylus
678 3547 741 3634 **):

175 3695 236 3761 sed
260 3696 316 3760 ubi
341 3693 543 3778 apsinthium
567 3694 606 3757 fit
628 3699 719 3776 alpree
741 3691 846 3757 crinita
870 3689 1058 3775 gallinacea.

84 3840 298 3925 Quapropter,
317 3838 379 3902 etsi
399 3858 552 3922 graecum
571 3837 680 3916 κονίλη
700 3858 827 3919 nomen,
851 3837 888 3899 ut
901 3831 1058 3898 Nicandri
1079 3833 1226 3918 exemplo
1241 3858 1379 3901 ccnxxrx

84 3945 292 4033 intellegitur,
315 3944 473 4029 producta
495 3942 698 4027 paenultima
716 3942 838 4006 dictum
858 3945 917 4025 est,
941 3945 1050 4005 tamen
1068 3939 1153 4004 idem
1174 3940 1226 4004 vix

82 4054 208 4119 videtur
239 4049 452 4116 dubitandum
484 4072 553 4114 esee
583 4048 661 4134 quin
691 4051 818 4113 mutata
847 4046 1000 4131 prosodia
1027 4046 1061 4110 in
1089 4046 1226 4111 latinam
1254 4057 1256 4062 ’

187 4229 213 4299 *)
239 4229 283 4301 [ln
313 4227 356 4282 ed.
380 4227 429 4280 alt.
460 4223 614 4295 simplicius
643 4224 734 4291 risum
758 4225 802 4277 est
824 4221 978 4277 Ritechelio
1002 4221 1066 4290 ipsa
1088 4220 1228 4290 scriptura

82 4319 336 4389 pronuntiationem
355 4316 518 4387 exaequari:
538 4315 572 4371 cf.
591 4314 665 4370 infra
683 4333 710 4385 p,
726 4314 799 4385 tlh]

171 4407 212 4477 *ἢ
235 4407 288 4479 [Cf.
308 4406 393 4476 praef.
414 4405 473 4461 Mil.
493 4403 563 4476 glor.
582 4423 610 4474 p.
629 4418 706 4472 xm,
735 4402 838 4473 Opusc.
857 4400 925 4472 phil.
946 4401 970 4455 ll
992 4420 1018 4472 p.
1039 4405 1140 4469 eelsq.
1162 4399 1224 4455 coll.

82 4516 108 4568 p.
128 4503 188 4553 399.
208 4497 281 4567 691]
