2918 5004
454 378 685 428 nsrnnusonn
708 379 834 428 annea.
1151 361 1215 426 649

74 523 232 587 efficiant:
260 521 355 608 idque
378 544 566 607 perversum
589 522 684 586 debet
707 521 917 606 comparandi
941 521 1083 585 studium
1106 521 1217 604 videri,

72 629 136 694 nisi
160 629 290 715 quidem
313 652 382 696 non
403 630 439 694 in
460 629 560 695 simili
583 633 720 714 tantum,
744 628 800 694 sed
823 649 955 712 prorsus
979 628 1090 693 eodem
1110 629 1145 693 in
1163 650 1217 714 ge-

72 758 149 801 nere
172 737 197 802 ii
221 760 303 823 quos
327 759 495 821 compares
519 739 695 802 versentur.
741 735 807 819 lta,
830 738 867 800 ut
889 735 1036 819 exemplo
1061 740 1148 819 utar,
1171 736 1217 802 bi·

71 866 188 910 norum
208 845 350 910 virorum
370 845 563 909 bellatorum
583 847 655 908 uter
673 844 777 909 maior
796 843 967 926 exstiterit,
989 843 1111 927 poterit
1130 846 1217 909 recte

73 952 200 1036 quaeri:
224 952 306 1017 nibil
330 953 414 1017 enim
439 952 502 1017 nisi
527 975 590 1017 una
613 951 772 1016 fortitudo
796 954 976 1036 spectatur3
999 950 1107 1015 minus
1131 972 1217 1016 ccm-

73 1057 167 1123 mode
191 1059 389 1144 plerumque,
411 1082 428 1123 e
449 1059 535 1123 binis
553 1059 805 1144 imperatoribus
825 1058 951 1123 bellicis
971 1061 1042 1123 uter
1060 1060 1217 1142 praestet:

73 1166 156 1230 alias
180 1165 265 1230 enim
288 1166 516 1250 imperatoriae
535 1167 622 1232 vitae
642 1165 787 1231 condicio
807 1165 980 1230 facultates
1003 1168 1131 1250 praeter
1153 1163 1217 1230 fcr-

73 1273 246 1338 titudinem
270 1275 419 1358 requiril3
448 1275 557 1359 inepte
581 1279 690 1338 autem
714 1277 806 1359 agat,
830 1273 884 1357 qui
908 1274 959 1337 vel
982 1293 1096 1357 regum
1118 1272 1217 1337 bono-

74 1401 146 1443 rum
170 1381 221 1444 vel
250 1403 290 1446 ne
314 1380 457 1445 eiusdem
480 1381 609 1466 quidem
634 1380 833 1446 condicionis
857 1379 1027 1445 hominum
1050 1384 1218 1463 praestan·

74 1486 168 1570 tiam,
201 1510 282 1573 quae
311 1488 522 1572 plurimarum
551 1490 695 1574 partium
724 1487 879 1553 societate
907 1486 1104 1570 continetur,
1136 1490 1218 1551 tam-

73 1616 170 1678 quam
195 1596 324 1661 modulo
349 1595 459 1680 aliquo
483 1595 589 1660 metiri
612 1595 765 1660 instituat
787 1616 826 1659 eo
850 1593 980 1679 quidem
1005 1592 1150 1677 consilio,
1172 1596 1218 1672 ut,

74 1704 182 1766 utrum
211 1703 276 1768 utri
304 1702 481 1786 praeferat,
514 1701 660 1784 definiat,
695 1702 819 1786 talique
851 1700 885 1764 in
914 1700 1033 1765 iudicio
1062 1701 1155 1785 quasi
1183 1723 1217 1765 re

74 1808 154 1874 bene
178 1816 272 1897 gesta
295 1811 481 1895 acquiescat
499 1812 532 1873 et
550 1808 582 1872 id
603 1808 689 1893 quod
707 1830 759 1873 res
780 1808 823 1871 sit
842 1829 876 1872 se
895 1807 1017 1872 scilicet
1034 1808 1216 1892 repperisse
1230 1828 1278 1868 rm

74 1915 220 1980 laetetur.
253 1914 319 1981 Sua
337 1918 454 2000 sponte
473 1918 609 2001 apparet
626 1937 690 1980 non
709 1914 748 1978 de
767 1915 807 1978 iis
826 1937 886 1979 nos
909 1916 1007 2000 loqui,
1029 1915 1114 1980 inter
1136 1937 1216 2000 quos

74 2022 165 2087 nulla
188 2023 320 2088 omnino
340 2022 519 2091 similitudo
539 2021 723 2086 intercedit:
747 2043 823 2085 nam
843 2022 915 2107 quis
933 2021 998 2086 nisi
1017 2022 1101 2087 male
1121 2045 1219 2088 sanus

74 2151 148 2194 cum
171 2129 348 2194 virtutibus
376 2130 528 2213 opposita
560 2129 606 2192 eis
630 2128 711 2192 vitia
734 2129 929 2212 componat?
967 2129 1040 2213 quis
1064 2151 1132 2211 eos,
1165 2129 1219 2214 qui
1314 2137 1317 2142 “

74 2236 155 2320 ipsis
179 2235 338 2301 bonorum
362 2236 586 2321 malorumque
610 2236 728 2301 finibus
753 2235 886 2301 discreti
909 2240 993 2320 sunt,
1015 2240 1053 2301 ut
1076 2259 1149 2302 curn
1167 2237 1220 2301 Ti·

74 2344 163 2408 berio
193 2345 243 2408 vel
272 2341 422 2428 Caligula
448 2343 558 2409 Titum
589 2343 638 2409 vel
668 2342 843 2408 Traianum
877 2344 1044 2410 conferat?
1090 2344 1221 2427 Verum,

74 2455 111 2516 ut
130 2451 298 2515 mittamus
318 2473 399 2536 quae
419 2455 532 2536 suapte
551 2455 670 2516 natura
688 2451 829 2516 absurda
848 2455 932 2534 sunt,
955 2474 1021 2517 non
1045 2451 1220 2517 absurdum

75 2558 205 2643 quidem
234 2558 383 2643 dixerim,
416 2560 501 2645 quod
529 2560 564 2623 in
587 2558 707 2625 scholis
732 2581 977 2643 saepenumero,
1009 2559 1220 2643 Philippusne

77 2689 120 2732 an
143 2666 327 2731 Alexander
350 2671 506 2750 praestet,
529 2668 693 2751 disputare
717 2665 951 2730 adulescentuli
974 2666 1139 2731 iubentur:
1164 2667 1219 2731 sed

75 2771 254 2857 probabile,
273 2772 330 2837 sed
348 2772 549 2838 fructuosum
565 2773 667 2837 videri
685 2795 726 2837 ne
745 2772 806 2837 hoc
826 2772 954 2855 quidem
970 2777 1093 2857 potest3
1117 2773 1220 2838 multo
1275 2823 1278 2828 s

75 2880 183 2945 minus
206 2882 324 2963 potest,
347 2878 433 2963 quod
452 2880 584 2945 memini
603 2883 846 2964 praeceptorem
865 2880 1028 2964 ceteroqui
1048 2880 1128 2944 satis
1148 2902 1219 2965 pro·

75 2987 217 3053 babilam
240 3007 428 3071 proponere,
451 2990 489 3051 ut
512 2987 744 3070 exploraretur,
767 2989 875 3051 utrum
894 3008 911 3050 e
934 2986 1130 3052 variolarum
1151 3010 1221 3052 vac·

75 3095 221 3160 cinarum
244 3093 398 3158 insitione
422 3116 463 3159 an
487 3116 504 3158 e
529 3095 753 3160 machinarum
779 3096 909 3179 vaporis
933 3094 964 3159 vi
988 3100 1150 3160 motarum
1174 3095 1220 3159 in·

76 3202 226 3268 ventione
250 3200 322 3284 plus
346 3200 500 3266 utilitatis
523 3202 558 3266 in
581 3202 750 3266 hominum
774 3201 876 3266 vitam
898 3201 1118 3267 redundasset.

167 3309 276 3394 Atque
299 3308 377 3374 baec
399 3331 467 3374 non
490 3308 603 3374 dubito
628 3309 706 3393 quin
730 3309 843 3374 multis
868 3312 1023 3395 vestrum,
1047 3309 1221 3392 auditores,

75 3418 156 3483 satis
181 3416 310 3481 exiliter
333 3415 499 3501 disputare
523 3417 630 3482 videar
654 3421 687 3482 et
708 3416 848 3483 fortasse
872 3417 934 3482 huc
958 3440 1072 3502 parum
1096 3440 1221 3482 accom-

77 3524 217 3590 modate.
262 3523 307 3589 Et
334 3528 443 3588 tamen
473 3523 585 3588 eadem
614 3524 654 3588 ad
682 3546 741 3589 nos
771 3524 904 3608 propius
934 3546 1031 3608 quam
1059 3524 1220 3610 quispiam

78 3633 172 3715 putet
194 3631 365 3715 pertinent.
410 3629 531 3695 Eorum
558 3631 652 3714 enim,
675 3630 731 3714 qui
754 3631 872 3695 litteris
897 3633 997 3696 vitam
1022 3637 1055 3696 et
1078 3630 1221 3695 studium

79 3759 172 3802 suum
197 3736 400 3821 dediderunt,
424 3739 679 3822 quotusquisque
703 3742 765 3820 est,
789 3760 922 3823 quaeso,
946 3740 1023 3823 quin
1047 3737 1220 3825 aliquando

78 3866 173 3909 suam
202 3865 274 3908 cum
298 3844 412 3908 ceteris
436 3844 617 3928 disciplinis
641 3845 689 3908 ita
712 3845 920 3929 compararit,
954 3849 990 3909 ut
1013 3868 1105 3910 suam
1128 3845 1220 3910 unice

78 3951 245 4036 probaret,
271 3971 349 4034 prae
378 3971 437 4016 sua
459 3951 600 4036 reliques
623 3949 809 4015 fastidiret?
855 3951 946 4028 Quod
970 3975 1043 4017 cum
1066 3953 1105 4017 de
1129 3952 1220 4017 disci·

78 4057 177 4143 plinis
201 4056 359 4121 universis
383 4062 452 4123 tum
475 4059 514 4122 de
533 4058 671 4143 singulis
690 4059 840 4144 partibus
859 4058 981 4125 dictum
1001 4061 1084 4125 volo.
1112 4060 1223 4143 Velut,

79 4169 116 4230 ut
148 4186 166 4229 e
198 4163 278 4228 meis
307 4162 426 4228 ‘studiis
460 4164 642 4248 exemplum
674 4188 842 4250 promam,
874 4166 946 4250 quis
978 4188 1043 4231 non
1074 4167 1222 4232 meminit

79 4272 254 4338 acerrimae
283 4268 370 4334 illius
398 4272 625 4357 contentionis,
649 4295 713 4358 qua
737 4273 795 4337 alii
818 4274 910 4338 unius
934 4274 1065 4359 linguae
1088 4273 1220 4360 indaga-

79 4381 167 4445 tione
191 4401 301 4444 veram
328 4378 544 4464 philologiam
572 4380 731 4445 contineri
756 4381 908 4446 arbitrati
931 4403 986 4446 eos
1011 4381 1221 4466 despicerent,

81 4487 136 4571 qui
154 4488 294 4570 positam
314 4508 384 4552 esse
402 4487 437 4551 in
456 4508 562 4552 rerum
586 4486 794 4571 potissimum
812 4487 1006 4554 tractatione
1025 4486 1222 4572 dictitarent,
1335 4555 1338 4561 ,
