2918 5004
241 342 306 406 638
619 355 855 405 ussamiscnu
879 356 1008 403 aunum.

244 524 370 586 quoquc
403 504 496 585 parte
529 500 592 565 sibi
625 500 773 565 satisfiat.
828 498 949 574 Quodsi
986 498 1101 582 dispar
1135 498 1286 564 aliarum
1322 499 1400 563 ratio

239 608 481 692 disciplinarum
505 610 568 671 est:
593 610 626 670 et
650 612 701 672 est
724 628 801 671 sane
825 628 891 670 una
914 605 1099 689 praecipue,
1123 627 1141 669 e
1163 628 1236 690 qua
1255 607 1314 691 qui
1332 627 1399 689 pro

239 715 340 780 dsunt
362 715 490 798 saepius
514 738 610 799 quam
635 715 733 779 velles
756 714 798 778 ab
822 714 902 778 artis
927 735 1036 778 amore
1060 713 1257 779 seiunctum
1282 714 1399 779 habeut

240 821 328 886 vitae
351 843 461 885 usum:
485 820 656 885 dolendum
680 821 765 885 istud
785 821 913 906 quidem
933 823 995 903 est;
1019 842 1082 884 nos
1103 826 1233 907 autem,
1257 823 1316 906 qui
1334 821 1397 906 phi-

240 929 383 1012 lologiae
412 951 531 994 nomen
558 927 717 1006 dedimus,
745 928 1008 1012 congratulemur
1031 926 1130 991 nobis
1157 929 1335 994 artissimo
1357 929 1398 993 si-

239 1038 291 1099 tae
316 1041 349 1101 et
372 1036 453 1100 artis
478 1035 607 1100 vinculo
631 1035 803 1099 coniuncta
826 1033 948 1116 studia,
976 1055 1036 1098 nec
1065 1035 1275 1101 divellamus
1300 1058 1320 1100 a
1342 1036 1396 1100 lin·

239 1164 376 1228 guarum
395 1143 591 1207 tractatione
612 1143 754 1226 reliquae
773 1140 979 1225 antiquitatis
1001 1141 1307 1227 investigationem
1327 1144 1395 1207 licet

240 1273 260 1314 a
290 1249 472 1314 scholarum
503 1248 734 1313 consuetudine
765 1247 832 1313 fere
864 1249 1018 1333 alienam,
1050 1249 1123 1314 sine
1157 1273 1227 1336 qua
1259 1288 1299 1297 —
1330 1272 1393 1314 mea

240 1356 370 1441 quidem
402 1355 629 1439 qualicumque
661 1355 812 1440 opinione
845 1392 887 1404 -
920 1356 1000 1420 artis
1033 1358 1221 1424 necessitas
1259 1358 1391 1424 habetur

242 1463 344 1527 nulla
392 1450 394 1455 ⁴

328 1568 415 1651 Dixi,
438 1568 465 1632 si
489 1569 573 1634 forte
597 1569 704 1634 minus
727 1593 785 1654 pro
810 1570 1048 1654 exspectatione
1072 1576 1198 1656 vestra,
1222 1577 1338 1637 tamen
1358 1577 1389 1636 ut

189 1700 195 1723 s
240 1677 345 1761 potui,
376 1676 461 1761 quod
485 1676 580 1740 sensi.
626 1675 697 1751 Quo
721 1677 826 1761 magis
850 1678 966 1760 laetor,
994 1678 1094 1742 etiam
1125 1679 1176 1763 id,
1206 1680 1299 1764 quod
1322 1679 1386 1743 reli-

241 1806 339 1866 quum
375 1787 438 1865 cst,
470 1803 509 1846 ex
539 1781 639 1846 animi
667 1783 830 1848 sententia
860 1806 879 1848 a
908 1805 960 1847 me
991 1805 1089 1867 posse
1121 1785 1200 1851 dici.
1251 1786 1387 1851 Pertinet

241 1895 350 1954 autem
373 1890 434 1953 boc
458 1910 531 1953 cum
556 1888 596 1953 ad
619 1889 773 1974 reliquos,
796 1912 933 1974 quorum
957 1890 1099 1976 benigna
1118 1894 1317 1976 praesentia
1333 1916 1390 1957 am-

242 1996 422 2078 plissimam
450 1996 536 2060 hanc
563 2018 714 2060 coronam
744 1998 991 2062 condecoratam
1019 1997 1129 2082 video,
1163 2003 1240 2065 tum
1270 2000 1312 2065 ad
1335 2022 1392 2080 vos,

242 2103 386 2188 collegae
406 2104 689 2187 praestantissimi,
709 2104 900 2187 quibuscum
919 2104 1103 2189 grauissimi
1124 2109 1279 2172 muneris
1299 2109 1389 2173 socie-

242 2214 311 2273 tate
335 2208 569 2294 Augustissimi
593 2209 693 2296 Regis
720 2212 892 2275 clementia
916 2211 1311 2300 sapientissimorumque
1333 2215 1392 2279 cius

243 2316 467 2380 ministrorum
493 2319 668 2382 auctoritas
692 2340 744 2382 me
768 2319 973 2382 coniunctum
995 2318 1106 2382 voluit.
1143 2318 1298 2395 Quorum
1321 2320 1392 2385 mihi

243 2444 316 2485 cum
339 2423 469 2505 publica
491 2425 599 2510 gratia
622 2430 655 2489 et
679 2424 930 2508 commendatio,
958 2429 1028 2489 tum
1057 2425 1230 2508 privatum
1255 2428 1390 2493 studium

244 2551 281 2593 uc
304 2529 454 2594 voluntas
482 2535 551 2595 tam
580 2532 742 2595 cumulate
766 2532 984 2616 contigerunt,
1018 2531 1100 2596 nihil
1127 2538 1167 2598 ut
1192 2537 1249 2600 vel
1274 2536 1314 2600 ad
1338 2537 1393 2619 pie

243 2638 322 2702 tatis
347 2636 490 2702 officium
514 2639 668 2721 sanctius,
692 2639 741 2702 vel
767 2637 808 2702 ad
827 2639 927 2704 animi
951 2639 1102 2712 affectum
1131 2642 1309 2727 antiquius
1332 2665 1393 2728 gra·

244 2745 299 2808 tiis
327 2744 460 2828 agendis
492 2744 612 2808 habere
644 2767 696 2808 me
725 2767 820 2828 posse
852 2745 1004 2829 arbitrer,
1037 2769 1145 2831 neque
1181 2751 1273 2832 quod
1308 2772 1392 2833 exop

243 2856 308 2915 tem
337 2851 475 2915 habeam
503 2854 630 2934 praeter
656 2852 799 2916 eiusdem
828 2853 1108 2918 conservationem
1138 2854 1393 2921 benevolentiae.

244 2957 358 3023 Valcte
382 2959 484 3042 igitur
506 2962 539 3022 et
561 2956 677 3022 favete.
723 2959 808 3023 Dixi.

803 3335 833 3399 3.

244 3477 434 3542 Laudatio
459 3476 536 3542 Lib.
560 3477 728 3543 Baronis
748 3476 878 3542 Caroli
902 3479 945 3541 de
965 3474 1073 3541 Stein
1098 3478 1147 3542 ab
1169 3481 1389 3547 Alteustein
1448 3568 1449 3583 ,

650 3606 770 3669 nuper
793 3582 984 3670 mortui.*)
1448 3587 1449 3666 1

193 3767 231 3806 111
316 3715 456 3792 ¹Recens
486 3732 536 3791 est
562 3728 597 3791 iu
627 3728 772 3793 omnium
803 3728 919 3793 animis
949 3727 1005 3791 ille
1035 3747 1099 3790 nou
1130 3727 1268 3794 fucatus
1298 3730 1388 3808 dolor,

245 3857 308 3919 quo
332 3836 443 3918 paucis
466 3834 583 3899 abhinc
607 3836 771 3901 mensibus
792 3858 812 3900 a
830 3835 915 3900 bono
934 3855 1060 3919 quoque
1078 3834 1300 3903 tristissimus
1318 3859 1386 3901 nun·

315 4029 341 4098 ⁸¹)
365 4022 515 4099 [Impressa
533 4030 577 4081 est
594 4029 664 4083 haec
683 4028 773 4083 oratio
792 4027 822 4082 in
840 4028 1049 4098 programmate
1068 4028 1239 4087 academico
1259 4029 1387 4087 Bounsuu

245 4135 270 4174 a.
291 4125 360 4172 1840
384 4116 424 4170 sic
447 4115 594 4185 inscripto:
629 4117 801 4172 ‘Immortali
827 4115 977 4171 memoriae
994 4117 998 4188 Ι
1015 4114 1067 4169 viri
1086 4115 1267 4184 perillustris
1283 4124 1288 4187 l
1306 4117 1386 4174 hiberi

246 4206 361 4261 Batonis
378 4210 382 4274 Ι
398 4206 490 4260 Caroli
510 4206 545 4258 de
565 4205 643 4259 Stein
668 4206 704 4259 ab
724 4204 882 4259 Altenstein
899 4208 902 4271 1
919 4205 948 4258 in
967 4221 1053 4274 regno
1073 4202 1231 4263 Borussico
1251 4227 1343 4263 rarum
1360 4205 1388 4260 ad

245 4295 388 4364 religionis
407 4295 522 4369 cultum,
538 4295 543 4364 1
559 4292 764 4349 institutionem
783 4294 924 4363 publicam
945 4295 974 4345 ot
992 4295 1080 4345 artem
1097 4294 1242 4351 medicam
1259 4299 1388 4369 pertiuen-

244 4383 314 4436 tium
336 4387 340 4451 Ι
360 4401 410 4452 per
433 4383 524 4436 Xlllll
550 4399 684 4437 annorum
708 4382 830 4452 spatium
855 4381 955 4435 summi
979 4381 1116 4449 praesidis
1134 4385 1137 4450 Ι
1155 4401 1192 4440 aa
1212 4386 1388 4442 moderatoris

245 4471 443 4540 liberalissimi,
463 4471 662 4542 sapientissimi
678 4476 682 4542 Ι
698 4473 773 4542 grati
797 4470 884 4526 animi
904 4471 1114 4524 monumentum
1132 4474 1137 4543 Ι
1155 4478 1188 4529 et
1209 4476 1389 4534 venerationis
