2986 5010
435 372 699 420 nuuuuu'rrorus
723 373 931 419 Pnuv‘rnvnu,
1190 355 1255 418 409

101 519 173 584 'boo
196 517 242 582 eis
266 531 438 583 commune
461 522 510 582 est
539 538 611 581 cum
639 519 753 601 quarto
783 535 915 600 genere,
943 515 983 580 ad
1007 514 1092 600 quod
1116 515 1183 579 iam
1206 519 1257 579 est

110 624 351 691 transeundum.

573 819 685 868 olrvr
708 800 797 867 XIII.

201 928 353 1014 Sequitur
382 930 469 994 enim
496 932 533 993 ut
556 927 596 993 de
623 926 875 1011 correptione
903 927 1108 1013 longarum
1135 927 1256 1011 sylla·

108 1038 246 1116 ‚barum
269 1036 404 1121 dicatur,
424 1042 456 1100 et
474 1037 615 1121 primum
635 1033 765 1119 quidem
785 1034 823 1098 de
843 1034 1046 1119 correptione
1065 1034 1257 1100 vocalium

110 1139 341 1229 finalium*).
363 1143 491 1238 Licebit
510 1146 619 1208 autem
641 1142 677 1206 in
700 1141 762 1207 hoc
786 1163 914 1227 quoque
939 1163 1057 1228 genere
1080 1141 1258 1207 multitudi-

88 1271 186 1317 nem
215 1252 438 1337 exemplorum
465 1250 585 1336 partim
613 1249 835 1315 confessorum
863 1248 982 1333 partim
1012 1249 1063 1314 vel
1092 1248 1259 1314 addubita-

111 1364 219 1425 torum
243 1359 294 1424 vel
318 1358 388 1423 sine
411 1359 524 1443 regula
547 1356 737 1442 vagantium
760 1356 855 1421 unius
874 1357 958 1442 legis
978 1355 1143 1421 communi
1162 1355 1259 1420 socie·

111 1470 180 1531 tate
204 1467 482 1550 comprehendere.
528 1464 565 1529 In
595 1465 712 1550 vulgus
741 1467 869 1530 constat
892 1464 931 1528 de
955 1462 1111 1547 correptis
1139 1463 1259 1547 impe-

112 1573 257 1638 rativis
284 1594 374 1657 repo
402 1573 484 1637 iube
511 1572 584 1649 aer,
617 1570 673 1654 qui
701 1592 773 1635 eam
796 1570 983 1655 prosodiam
1007 1574 1139 1634 servant
1162 1569 1259 1634 etiam

113 1703 186 1745 cum
210 1681 320 1745 addita
342 1702 381 1746 cc
403 1679 564 1764 particula
582 1683 732 1744 crescunt
754 1680 787 1743 in
811 1699 927 1763 ropac
949 1678 1057 1743 iuben
1080 1677 1180 1741 abin:
1204 1698 1260 1740 cur
1298 1661 1304 1674 ⁴
1421 1728 1425 1735 .

112 1810 291 1872 numquam
321 1791 504 1872 correptam
531 1786 682 1851 ultimam
709 1787 827 1852 ducena
853 1786 921 1849 ride
943 1785 1020 1848 occdi
1042 1784 1153 1848 lrcuoca
1175 1783 1260 1847 edoce
1271 1804 1366 1844 cnxvr
1397 1803 1400 1808 ·

112 1895 227 1960 adueni
249 1894 455 1960 babuerunt?
487 1892 705 1978 Designatum
729 1898 779 1958 est
801 1894 885 1958 dedi
907 1896 944 1956 ut
966 1889 1148 1975 pyrrhichii
1172 1912 1258 1954 men-

114 2024 224 2067 suram
255 2001 393 2067 babens:
431 2023 488 2066 cur
519 2022 585 2066 non
618 2000 710 2066 brevi
744 2002 756 2065 i
788 1999 893 2065 vocali
926 1999 1047 2064 reddcdi
1069 1999 1259 2079 amortisari

112 2108 200 2172 dicta
224 2108 321 2173 sunt?
366 2106 441 2172 Non
465 2106 633 2171 dubitatur
657 2105 696 2170 de
719 2106 803 2171 colb
825 2105 891 2189 apd
913 2105 984 2170 ert:
1008 2126 1064 2169 cur
1086 2104 1260 2170 nemodum

113 2218 265 2298 correpta
291 2215 356 2280 diod
383 2215 457 2280 duod
483 2214 578 2298 coyro
600 2214 722 2298 postult
748 2213 848 2278 censat
875 2212 984 2277 omobd
1006 2211 1167 2296 protulit?
1213 2211 1260 2276 Vt

114 2343 178 2386 uno
203 2322 301 2387 verbo
324 2321 443 2387 dicam:
475 2321 515 2386 in
538 2321 711 2387 vocalem
740 2324 925 2385 exeuntes
955 2318 1157 2385 verborum
1180 2320 1260 2385 for·

114 2451 193 2494 mas
222 2428 410 2494 iambicos
441 2428 605 2513 quaslibet
634 2431 722 2494 vitae
750 2426 949 2494 consuetudo
976 2449 1075 2513 passa
1098 2431 1149 2492 est
1177 2449 1261 2492 cor-

114 2539 224 2619 repta
246 2535 384 2601 ultima
406 2536 621 2619 pronuntiari.
649 2537 756 2621 Atque
779 2535 841 2601 hoo
863 2535 946 2600 illud
970 2538 1028 2617 est,
1053 2534 1138 2619 quod
1162 2557 1261 2620 supra

114 2642 295 2727 significavi
326 2642 530 2707 verborum
562 2642 759 2708 limitibus
791 2642 952 2706 finitum
984 2663 1004 2704 a
1035 2641 1260 2706 nominibus

38 2831 43 2839 ἢ
115 2748 280 2814 excludi:
304 2749 368 2813 nisi
392 2749 476 2834 quod
501 2749 607 2815 solum
632 2772 670 2814 ex
695 2748 845 2814 omnibus
869 2747 998 2813 casibus
1021 2747 1261 2812 nominativum

23 2871 25 2874 ·
114 2856 231 2921 tertiae
260 2856 484 2921 declinationis
514 2856 547 2921 in
575 2878 593 2921 o
620 2857 820 2922 desinentem
847 2857 880 2920 in
910 2855 1040 2919 illorum
1072 2855 1261 2921 societatem

117 2964 254 3028 ascitum
279 2985 348 3029 esse
371 2964 474 3029 tomo
498 2985 560 3029 vox
583 2963 736 3047 ostendit,
760 2962 950 3048 saepissime
974 2964 1123 3045 correpta
1145 2962 1262 3026 ultima

114 3071 233 3155 posita.
256 3070 378 3136 Verum
391 3093 568 3156 numquam
588 3069 767 3156 pyrrhichii
786 3090 970 3134 mensuram
985 3069 1035 3132 vel
1053 3088 1141 3133 acmo
1153 3089 1262 3148 samo,

116 3178 168 3243 vel
192 3179 254 3244 loco
277 3183 358 3243 metu
374 3180 468 3262 probi
491 3184 525 3245 et
548 3179 667 3244 similia
691 3182 849 3263 aequant:
872 3198 949 3240 nam
972 3176 1059 3260 quod
1082 3174 1199 3242 Bacch.
1224 3175 1263 3261 V,
1312 3255 1313 3258 Ἴ

117 3287 148 3369 2,
160 3287 202 3349 47
227 3285 397 3371 legebatur
413 3287 524 3369 probri
541 3287 737 3369 peccora,
761 3290 836 3371 post
858 3286 1060 3370 praeclaram
1082 3283 1262 3350 Hermanni

116 3392 375 3458 emendationem
398 3413 464 3457 non
486 3393 560 3477 plus
585 3393 671 3458 valet
695 3415 792 3477 quam
813 3415 918 3477 pauca
940 3391 1098 3478 quaedam
1122 3392 1173 3456 vel
1197 3413 1262 3456 am·

116 3499 217 3585 bigua
236 3500 287 3564 vel
301 3499 422 3565 vitiosa
441 3500 516 3583 alia,
539 3523 556 3565 e
575 3522 711 3585 quorum
730 3522 865 3565 numero
883 3500 948 3565 iam
969 3520 1068 3583 supra
1086 3497 1262 3563 exemimus

117 3608 164 3672 cri
186 3608 265 3679 meri
287 3609 358 3672 coci
381 3629 445 3671 una
468 3629 541 3672 curn
563 3609 630 3672 sent
652 3608 736 3672 domi
758 3608 834 3674 bono
852 3607 946 3685 mab,
968 3606 1047 3671 item
1070 3626 1151 3670 nouo
1169 3606 1263 3683 bretti,

117 3714 194 3779 hinc
224 3713 424 3778 alienissima
452 3714 574 3798 omnia,
607 3714 755 3798 quamvis
784 3737 803 3779 a
830 3713 1024 3799 quibusdam
1047 3716 1168 3777 temere
1191 3733 1262 3795 per-

117 3821 216 3886 mista
239 3824 337 3905 atque
361 3819 503 3885 confusa.
548 3820 652 3906 Ergo,
682 3821 761 3885 illuc
784 3825 820 3885 ut
843 3821 986 3904 redeam,
1009 3842 1076 3885 non
1100 3841 1139 3884 ex
1162 3819 1262 3903 impe-

117 3927 216 3992 rativi
237 3927 446 4012 potissimum
469 3930 587 3992 natura
609 3925 818 4012 repetendum
841 3926 994 4011 estquod
1013 3926 1174 4012 corripere
1193 3927 1264 3991 uide
1363 3969 1395 4008 :a

117 4035 189 4100 cole
211 4037 244 4098 et
267 4037 373 4099 cetera
395 4033 502 4117 licuit,
530 4032 585 4098 sed
610 4054 627 4098 o
650 4032 841 4117 prosodiaca
863 4035 982 4097 natura
1004 4037 1189 4116 temporum
1213 4033 1263 4097 vel

118 4141 288 4207 modorum
312 4140 539 4226 quorumlibet.
571 4142 620 4206 Ac
638 4163 678 4205 ne
698 4139 826 4225 saepius
850 4139 979 4224 quidem
1003 4162 1099 4224 quam
1122 4140 1263 4224 reliquas
1290 4210 1291 4213 ,

119 4249 242 4314 formas
269 4249 360 4313 verbi
388 4249 477 4332 ipsos
506 4270 576 4313 esse
604 4247 814 4332 imperativos
843 4251 1010 4332 correptos
1038 4246 1114 4312 binc
1141 4247 1265 4312 intelle-

120 4356 221 4441 gitur,
248 4354 332 4440 quod
362 4358 419 4419 aut
447 4354 546 4420 latius
570 4359 714 4419 autnon
738 4353 845 4418 minus
870 4353 936 4418 late
959 4353 1083 4437 primae
1107 4374 1264 4439 personae

210 4496 237 4564 *)
256 4490 311 4564 [cf.
332 4492 434 4564 opusc.
453 4493 523 4564 phil.
543 4495 581 4550 IV
600 4512 628 4566 p.
647 4500 698 4549 402
710 4512 762 4565 sq.;
784 4494 809 4548 Il
828 4492 914 4565 praef.
933 4511 959 4565 p.
980 4494 1022 4566 x.]
