2940 5004
387 365 653 412 EMENDATIONIS
678 364 885 412 enavimus.
1144 345 1209 410 515

153 509 234 589 Hoc,
256 511 321 574 nisi
346 513 394 575 tu:
417 532 493 574 nam
517 510 563 575 mi
587 505 692 574 calido
715 509 807 573 dabis
831 496 990 593 sanguine
1014 528 1148 591 poenas:

151 617 221 683 Nec
244 617 288 681 mi
313 639 426 681 aurum
450 638 548 701 posco
571 637 630 681 nec
653 617 698 680 mi
721 615 861 700 pretium
885 614 1051 679 dederitis:

66 747 100 807 et
122 743 266 807 Lucilius
290 743 375 826 apud
398 741 603 806 Priscianum
627 739 656 804 X
680 764 709 825 p.
733 741 798 804 903
824 740 901 821 [536
917 738 984 820 K.]:

152 886 197 950 Et
220 909 291 951 cum
316 885 348 950 id
374 886 419 948 mi
442 885 532 949 uisus
556 883 661 948 faeere
685 887 744 966 est,
767 886 837 946 tum
860 882 944 946 retia
966 882 1068 945 nexit:

63 1032 97 1092 et
119 1027 287 1093 Lucretius
311 1028 411 1092 semel
434 1027 493 1110 Ill,
519 1028 595 1092 105:

152 1169 349 1255 Magnopere
373 1171 407 1235 in
431 1192 495 1255 quo
520 1170 563 1233 mi
587 1169 709 1233 diuorsi
733 1189 841 1232 errare
865 1167 1029 1232 uidentur:

63 1313 142 1377 item
167 1313 266 1376 semel
289 1311 445 1377 Horatius
470 1311 570 1376 Serm.
594 1312 619 1395 I,
643 1313 673 1395 9,
698 1313 755 1375 71:

152 1454 294 1539 Relligio
319 1459 379 1520 est.
411 1455 457 1518 At
480 1456 539 1519 mi:
564 1477 636 1520 sum
660 1454 770 1538 paullo
793 1454 962 1537 infirmior,
985 1477 1078 1538 unus,

63 1599 210 1682 quamvis
230 1598 277 1662 ibi
297 1598 501 1663 commodum
521 1597 618 1662 fucrit
636 1599 709 1662 mist
727 1598 877 1663 scribere.
908 1598 1021 1682 Itaque
1041 1597 1079 1660 de
1093 1596 1211 1661 Plauto

64 1706 91 1769 si
112 1709 198 1769 recte
218 1705 397 1789 observavi,
415 1706 524 1769 nescio
544 1727 585 1769 an
604 1705 683 1768 ferri
697 1706 742 1768 mi
757 1705 837 1768 etin
851 1705 1002 1768 liberiore
1017 1707 1121 1767 metro
1136 1725 1211 1767 aua-

64 1812 209 1895 paestico
223 1812 373 1895 potuerit,
392 1813 443 1876 cui
458 1835 530 1876 earn
544 1812 683 1876 formam
703 1834 733 1895 p.
748 1828 892 1876 cnxxvn
908 1811 1000 1892 [418]
1017 1810 1160 1893 adhibui,
1179 1814 1212 1873 et

63 1919 205 1984 fortasse
220 1921 254 1984 iu
269 1941 419 1985 caesurae
441 1918 625 1984 trochaicae
645 1921 691 1983 eis
711 1919 868 2003 exemplis
888 1939 1019 2017 quaep.
1034 1935 1212 1983 ccnxxvrss
1228 1942 1331 1984 coxon

67 2026 159 2107 [503]
179 2026 327 2110 tractavi,
350 2026 430 2089 item
449 2026 483 2089 in
502 2047 597 2090 versu
616 2026 726 2109 paullo
746 2034 821 2090 ante
841 2025 942 2090 allato
962 2023 1063 2088 Istaec
1089 2026 1141 2106 eqo
1168 2025 1213 2087 mi

63 2135 180 2215 seinper
192 2133 300 2198 babai:
320 2133 371 2197 eui
386 2133 506 2198 rationi
521 2133 750 2229 convenienter
777 2132 827 2196 sui
850 2131 1015 2217 praecepti
1039 2131 1212 2196 severitate

67 2241 212 2305 relaxata
230 2239 439 2304 Hermannus
457 2262 560 2324 nuper
584 2241 645 2305 Vbi
662 2241 708 2304 mi
724 2261 784 2322 pro
803 2260 877 2321 equo
896 2239 988 2304 lectm
1005 2241 1094 2304 deiru
1111 2239 1213 2303 edidit

68 2347 184 2412 Bacch.
200 2370 227 2411 v.
241 2348 374 2432 41[72]:
394 2348 549 2414 sedidem
563 2369 623 2412 nec
636 2348 751 2412 odram
764 2350 825 2410 mi:
848 2348 930 2428 qood
950 2367 1001 2429 eqo
1025 2347 1139 2410 aarum
1159 2347 1212 2426 [cf.

64 2475 93 2537 p.
119 2453 184 2518 514
208 2454 290 2538 sup]
315 2455 442 2520 defendi
465 2477 561 2540 posse
589 2454 755 2539 intellego,
784 2474 842 2518 nec
866 2454 920 2518 Mi
947 2454 1090 2518 latitabat
1117 2475 1154 2518 eo
1178 2454 1213 2517 in

63 2582 128 2645 quo
150 2583 237 2625 nune
256 2584 423 2627 versamur
441 2561 624 2625 Trinummi
644 2584 747 2625 versu.
776 2560 861 2625 Hinc
876 2559 1011 2623 iudicari
1026 2559 1212 2634 deAmbro
1263 2603 1271 2611 -

64 2669 146 2732 siani
169 2669 326 2734 memoria
349 2673 460 2752 potest
482 2691 509 2732 v.
534 2669 589 2733 53:
617 2669 744 2748 siquid
769 2671 820 2732 mi
848 2668 961 2732 molest.
1008 2666 1212 2750 Quamquam
1267 2670 1269 2673 ’

64 2775 209 2840 codicum
248 2775 365 2860 exigua
397 2775 529 2839 omnino
562 2775 596 2837 in
628 2773 691 2837 hoc
724 2794 842 2858 genere
873 2774 953 2839 fides
987 2779 1052 2856 est,
1090 2778 1126 2837 ut
1157 2776 1212 2859 qui

66 2883 252 2967 plerumque
280 2882 358 2947 mibi
385 2880 573 2961 exhibeant,
605 2881 704 2944 etiam
732 2881 788 2945 ubi
816 2885 892 2945 ante
923 2880 1068 2945 vocalem
1100 2902 1213 2946 mono·

65 2990 191 3074 syllabo
219 2991 264 3054 mi
291 2987 505 3053 cummaxime
533 3008 615 3070 opus
644 2991 701 3051 est.
749 2985 819 3062 Qua
847 2991 956 3052 tamen
984 2987 1063 3051 mibi
1090 2987 1213 3052 formae

63 3095 246 3179 frequentia
273 3117 314 3160 ne
340 3096 387 3159 ita
415 3094 565 3176 abutare,
592 3097 629 3157 ut
652 3094 827 3157 eorundem
851 3093 1012 3177 codicum,
1041 3094 1144 3159 sicubi
1168 3097 1213 3159 mi

65 3202 258 3287 scripturam
281 3206 449 3280 testentur,
473 3204 567 3296 tpnto
591 3200 747 3265 maiorem
772 3224 842 3265 esse
868 3202 1095 3266 auctoritatem
1119 3224 1212 3287 argu-

65 3314 222 3392 mentere,
249 3310 465 3392 reputandum
489 3312 539 3372 est
561 3308 798 3373 feracissimam
821 3331 939 3392 pravae
963 3309 1212 3392 permutationis

66 3438 215 3482 caussam
243 3416 404 3481 scribendi
428 3415 653 3501 compendium
677 3399 709 3478 ris
731 3416 846 3500 fuisse,
874 3416 959 3501 quod
983 3438 1056 3480 oum
1079 3418 1213 3501 propria

64 3524 97 3588 vi
128 3546 187 3587 sua
215 3544 419 3607 nequaquam
448 3525 493 3587 mi
524 3523 734 3609 significaret,
768 3524 823 3588 sad
855 3524 961 3606 ipsum
994 3524 1085 3602 mihi,
1117 3546 1213 3608 saepe

67 3634 177 3693 tamen
203 3650 262 3712 per
291 3650 431 3694 errorem
463 3629 503 3694 ad
532 3631 794 3715 monosyllabam
821 3632 866 3695 mi
888 3631 1027 3697 formam
1055 3631 1212 3696 deflexum

66 3741 129 3819 est,
157 3741 194 3800 ut
220 3758 250 3800 v.
274 3738 303 3800 8.
326 3736 383 3819 54,
412 3736 501 3800 alibi.
527 3774 565 3782 —
597 3735 748 3803 Ceterum
776 3738 861 3823 quod
890 3739 1212 3823 proceleusmaticum

65 3842 331 3908 Ldtebricoldrum
355 3843 455 3907 etiam
478 3843 511 3906 in
536 3845 749 3926 annotatione
773 3846 814 3909 ad
833 3868 861 3910 v.
880 3846 943 3910 241
969 3845 1072 3929 posui,
1096 3844 1128 3908 id
1151 3841 1213 3906 etsi

64 3949 128 4015 lusi
156 3950 264 4035 potius
293 3971 391 4033 quam
418 3948 515 4012 fidem
543 3949 688 4014 invenire
715 3951 785 4033 ipse
811 3951 916 4029 volui,
948 3950 1074 4015 ratione
1103 3953 1211 4012 tamen

63 4058 222 4143 hocfeci,
249 4062 287 4122 ut
314 4057 347 4121 in
372 4057 539 4122 octonario
569 4055 602 4120 id
625 4078 720 4139 posse
743 4057 870 4122 licitum
894 4059 996 4123 fuisse
1020 4055 1213 4139 suspicarer,

65 4166 151 4250 quod
174 4167 288 4250 procul
311 4165 505 4230 habuissent
527 4163 711 4248 septenarii.
757 4162 844 4229 Nam
868 4166 929 4229 atsi
953 4165 986 4228 in
1009 4164 1061 4227 his
1085 4183 1212 4246 quoque

66 4273 132 4337 scio
156 4274 222 4338 alia
244 4273 392 4357 exempla
414 4270 573 4356 quaedam
593 4270 729 4352 exstare,
751 4275 788 4334 ut
806 4268 874 4334 Mil.
895 4269 934 4354 V,
952 4271 1006 4354 44,
1028 4275 1137 4334 tamen
1156 4290 1214 4333 eur
1278 4338 1280 4342 Α

66 4401 106 4444 ne
120 4380 200 4444 baec
215 4380 346 4465 quidem·
358 4379 574 4445 certissimam
590 4376 712 4460 alioqui
727 4375 888 4440 rationem
907 4377 1071 4441 infirmare
1090 4380 1212 4461 putem,

67 4485 145 4549 olim
170 4487 350 4568 explicandi
376 4484 605 4571 opportunitas
628 4483 700 4547 erit.

945 4590 999 4644 33*
