2918 5004
464 365 700 413 nrrnrruscun
724 366 853 412 runnu.
1161 322 1225 413 633

82 512 149 590 tur,
181 508 362 572 necessario
396 513 429 572 et
460 509 547 574 inter
574 531 608 572 se
635 509 763 573 vinculo
794 508 953 573 contineri
984 510 1016 571 et
1045 531 1117 573 cum
1151 509 1226 593 illis,

82 637 165 699 quae
188 615 342 698 primaria
374 620 558 699 censentur,
590 616 701 681 iuncta
738 637 822 698 esse3
854 618 1058 699 perspectum
1092 618 1155 698 ast,
1190 619 1227 679 nt

83 720 193 806 paucis
221 723 433 807 complectar,
466 745 627 788 summum
655 724 751 787 finem
779 722 978 806 philologiae
1005 728 1069 787 iam
1098 722 1226 786 adultae

82 829 266 895 uenalium
287 850 367 913 esse,
386 829 450 894 uisi
469 833 506 894 ut
524 829 666 894 Graecae
685 829 913 912 Romanaeque
933 828 1138 914 antiquitatis
1158 828 1226 891 uni-

83 959 194 1002 versae
229 936 326 1018 plena
353 936 496 1021 cognitio
525 942 729 1021 comparetur
757 942 790 1001 et
817 937 911 1021 quasi
935 937 1043 1021 imago
1068 935 1226 1020 quaedam

84 1044 191 1108 animo
215 1040 517 1128 comprehendatur.
563 1045 685 1121 Quodsi
709 1045 893 1108 scholarum
916 1044 1076 1108 rationem
1100 1046 1226 1126 reputa-

53 1178 59 1189 s
84 1173 155 1214 mus
185 1147 255 1236 (eas
288 1150 374 1233 dico,
406 1151 522 1236 quibus
555 1152 595 1216 ad
629 1151 814 1216 academica
844 1151 950 1216 studia
980 1150 1086 1214 aditus
1116 1148 1226 1234 parari

84 1255 198 1343 solet),
222 1258 356 1343 numqui
378 1259 463 1323 tradi
487 1258 653 1342 discipulis
676 1258 835 1342 videmus,
863 1262 1079 1341 quotcumque
1103 1256 1226 1321 littera-

86 1387 157 1429 rum
181 1364 450 1450 philologicarum
474 1387 593 1451 genera
621 1366 671 1430 rel
696 1365 775 1430 olim
798 1369 938 1431 tractata
962 1365 1100 1429 suntab
1124 1364 1228 1429 doctis

83 1472 269 1538 hominibus
302 1475 352 1538 vel
382 1498 467 1539 nunc
499 1476 584 1540 laete
622 1475 751 1559 lateque
784 1475 1015 1540 effloruerunt?
1052 1473 1142 1538 illine
1176 1470 1226 1536 vel

89 1581 308 1664 grammaticis
329 1583 457 1667 linguae
474 1582 710 1648 subtilitatibus
731 1582 930 1666 quibuslibet
948 1581 1158 1646 imbuuntur?
1178 1578 1227 1644 vel
1265 1618 1267 1621 -

87 1686 217 1753 criticae
240 1690 320 1754 artis
349 1690 566 1772 captiunculis
593 1690 806 1754 irretiuntur?
835 1690 885 1754 vel
913 1688 953 1752 ad
982 1686 1228 1770 antiquitatium

87 1793 161 1858 avia
184 1815 280 1877 saepe
299 1794 431 1859 dumeta
449 1796 627 1860 obscurare
647 1795 835 1860 umbracula
853 1794 1080 1880 pelliciuntur‘?
1104 1792 1154 1857 vel
1182 1793 1228 1855 iu·

85 1901 201 1965 bantur
222 1902 255 1965 in
280 1902 463 1967 reconditos
489 1925 633 1987 quosque
659 1902 780 1966 artium
803 1901 1049 1985 litterarumque
1071 1899 1229 1964 historiae

86 2029 231 2072 recessus
254 2008 506 2094 interioremque
529 2031 647 2073 nexum
672 2009 863 2093 penetrare?
895 2006 987 2073 Nihil
1005 2008 1123 2072 horum
1143 2006 1228 2070 vide

86 2137 157 2178 mus
185 2115 264 2178 fieri.
311 2116 393 2192 Quid
421 2117 544 2202 igitur?
575 2117 709 2182 haecine
742 2115 821 2181 satis
851 2116 936 2180 inter
966 2139 1000 2180 se
1033 2114 1229 2180 concinunt?

86 2221 139 2285 An
169 2222 216 2287 sic
244 2222 354 2306 potius
384 2224 604 2311 statuendum,
632 2229 668 2288 ut
698 2224 812 2289 autin
835 2246 888 2288 eas
912 2223 1000 2308 ipsas
1024 2226 1129 2306 partes
1154 2222 1229 2286 diri-

85 2330 190 2415 genda
217 2330 448 2395 discentium
479 2330 599 2415 studia,
630 2334 687 2396 aut
720 2331 867 2395 inutilem
897 2353 982 2415 esse,
1018 2352 1099 2415 quae
1133 2329 1229 2393 hodie

86 2437 269 2522 requiritur,
293 2426 512 2502 docentium
536 2439 715 2503 doctrinam
738 2438 938 2503 iudicemus?

174 2543 248 2608 Non
276 2545 454 2628 poterimus
483 2545 644 2610 mehercle
672 2547 706 2610 in
739 2546 800 2611 hac
833 2546 1022 2631 quaestione
1055 2544 1228 2629 quicquam

85 2653 253 2735 proficere,
275 2654 351 2735 nisi,
374 2676 446 2738 quo
475 2653 606 2718 tandem
629 2653 796 2718 consilio
820 2675 858 2717 ex
882 2651 1088 2736 antiquitatis
1112 2649 1227 2714 studiis

85 2759 218 2842 puerilis
250 2760 368 2824 aetatis
405 2761 645 2824 institutionem
678 2760 850 2844 praecipue
887 2781 1002 2824 nexam
1039 2757 1227 2836 habeamus,

87 2865 330 2950 quaesierimus.
375 2864 475 2930 Cuius
504 2867 630 2931 consilii
658 2867 818 2932 rationem
847 2866 980 2931 fallatur
1007 2865 1062 2949 qui
1086 2886 1124 2928 ex
1147 2864 1228 2948 ipsis

88 2971 269 3056 originibus
288 2971 385 3036 huius
404 2971 594 3056 disciplinae
614 2973 826 3038 scholasticae
850 2976 993 3056 repetere
1016 2971 1231 3056 aggrediatur.

86 3077 183 3162 Enim
208 3099 282 3142 vero
306 3101 369 3163 quo
393 3079 630 3144 renascentium
658 3080 840 3144 litteramm
869 3079 997 3143 saeculo
1021 3078 1161 3162 primum
1185 3078 1231 3141 in-

87 3186 179 3250 stitui
194 3185 342 3268 publicae
357 3184 488 3251 scholae
502 3186 714 3251 humanitatis
729 3192 863 3270 coeptae
877 3188 959 3268 sunt,
980 3206 1018 3249 eo
1032 3184 1177 3249 homines
1192 3207 1232 3248 ne

89 3296 264 3379 potuerunt
288 3292 415 3376 quidem
439 3293 503 3357 nisi
527 3316 565 3357 ex
584 3294 781 3378 incorruptis
805 3292 1062 3379 antiquitatis
1085 3291 1232 3356 fontibus

89 3406 284 3485 aeternoque
313 3401 458 3485 exemplo
488 3402 626 3466 salutem
650 3424 801 3487 quaerere
825 3424 925 3486 eaque
949 3400 1095 3465 liberalis
1121 3400 1230 3463 educa·

89 3509 189 3573 tionis
218 3512 251 3572 et
279 3508 317 3573 ad
346 3508 583 3573 humanitatem
613 3508 853 3573 informationis
877 3509 1093 3572 instrumenta
1115 3510 1233 3589 petere,

90 3637 172 3699 quae
191 3636 282 3679 suae
302 3615 418 3679 aetatis
438 3615 528 3679 labes
548 3618 581 3679 et
604 3615 770 3679 barbaries
790 3614 960 3699 praeberet
978 3613 1076 3677 nulla.
1109 3612 1233 3677 Verum

90 3720 130 3785 ad
159 3743 256 3805 quam
285 3720 370 3784 riam
398 3722 538 3785 maiores
566 3726 695 3786 nostros
724 3722 900 3786 necessitas
928 3721 1084 3805 quaedam
1114 3719 1234 3804 adegit,

90 3849 160 3892 eam
189 3849 247 3891 nos
279 3850 364 3891 nunc
395 3828 543 3892 consulto
572 3832 604 3891 et
635 3830 772 3892 scientes
803 3832 964 3909 tenemus,
994 3827 1112 3912 quibus
1141 3827 1234 3911 larga

91 3959 169 4000 sane
193 3937 225 3998 et
244 3935 411 4018 multiplex
432 3936 577 4018 suppetit
596 3935 841 4000 erudiendorum
861 3934 1066 4020 ingeniorum
1086 3935 1232 3999 materia.

90 4043 172 4120 Quid
199 4041 299 4127 igitur
317 4040 397 4105 illud
418 4045 468 4105 est
487 4042 624 4125 tandem,
648 4042 731 4126 quod
751 4042 933 4107 tralaticiae
953 4041 1140 4126 disciplinae
1160 4063 1232 4106 con·
1301 4124 1307 4136 .

90 4151 307 4216 servationem
331 4149 492 4232 hodieque
516 4149 672 4214 suadeat?
706 4149 828 4224 Quodsi
852 4172 964 4214 verum
987 4152 1082 4231 esset,
1105 4147 1190 4233 quod
1214 4172 1233 4212 a

90 4257 282 4341 quibusdam
312 4256 426 4321 iactari
455 4257 643 4340 accipimus,
672 4256 726 4340 qui
756 4256 885 4338 quidem
914 4255 1081 4340 discipulis
1106 4276 1233 4338 quoque

89 4363 154 4427 late
182 4368 347 4448 patentem
376 4365 467 4428 illum
496 4363 700 4448 antiquitatis
732 4385 862 4426 sensum
896 4363 1118 4428 imbibendum
1149 4364 1232 4426 vete·

91 4491 225 4554 rumque
243 4470 436 4556 populorum
457 4471 555 4536 vitam
576 4494 613 4536 ac
633 4470 821 4535 memoriam
840 4471 929 4534 velut
945 4468 1134 4534 intuendam
1163 4490 1233 4533 esse
