2986 5010
445 369 706 419 Bnuunnmouls
731 370 938 419 Pnhvuluau.

126 515 255 582 iunctus
280 537 350 580 esse
373 514 460 580 Trin.
485 517 564 582 582:

214 658 277 724 Dic
300 656 441 744 Callicli,
464 682 516 724 me
540 666 578 724 ut
599 660 768 725 adnunciat.
806 658 866 724 ST.
890 660 968 745 quin
991 664 1027 724 tu
1050 657 1064 722 ι’
1086 660 1191 724 modo.

129 802 181 864 Ab
206 803 461 886 interrogatione
489 802 630 868 fortasse
653 803 781 867 veniam
810 803 909 867 habet
932 801 1049 867 Bacch.
1074 803 1139 866 214
1164 803 1271 884 [246]:

216 943 320 1011 Salus.
359 945 414 1009 sed
438 945 605 1010 ubinamst
628 945 860 1012 llInc‘silocha's?
907 943 974 1009 CH.
998 943 1091 1027 uiuit,
1114 944 1216 1009 ualet:

1256 1089 1262 1104 d

1255 1123 1267 1149 Ι,

127 1109 322 1172 quamquam
346 1088 391 1152 ibi
415 1110 480 1152 non
503 1090 613 1172 inepte
637 1088 776 1154 Bothius
799 1091 852 1154 uhi
874 1087 1086 1154 Mnesilochus
1108 1107 1184 1151 cum
1207 1086 1272 1150 cst?

127 1194 309 1278 proposuit,
337 1217 419 1280 qnae
443 1196 614 1262 collocatio
638 1198 891 1282 interrogativae
913 1217 989 1260 uum
1011 1193 1189 1280 particulae
1213 1193 1271 1256 ali·

127 1302 278 1385 quotiens
302 1302 491 1367 oblitterata
515 1309 564 1367 est
592 1302 644 1387 (ut
666 1304 740 1368 hinc
763 1303 892 1385 quidem
915 1302 1006 1367 nulla
1029 1302 1069 1366 lis
1095 1302 1138 1365 sit
1159 1304 1272 1395 nostro

127 1409 351 1492 supplemento
376 1411 535 1474 movenda
557 1410 644 1475 Trin.
671 1410 758 1497 130).
799 1411 877 1475 Plus
902 1412 1001 1474 etiam
1026 1407 1214 1473 offensionis
1238 1407 1272 1471 in
1287 1424 1385 1467 cerm

127 1516 190 1578 fine
214 1517 374 1580 enuntiati
397 1516 504 1601 posita
527 1519 634 1582 ionica
658 1541 718 1583 vox
742 1515 883 1602 habet*)
906 1515 1022 1581 Bacch.
1047 1516 1111 1579 299
1136 1515 1244 1597 [331]:

217 1657 279 1723 Sed
303 1658 435 1724 diuesne
459 1660 521 1724 iste
545 1664 595 1724 est
621 1660 826 1727 Theotimus?
863 1658 929 1725 CH.
953 1660 1051 1723 etiam
1075 1659 1196 1743 rogas?

127 1801 218 1864 cuius
246 1822 319 1866 curn
344 1803 449 1866 simile
473 1803 656 1887 exemplum
680 1803 839 1889 ignorem,
868 1804 978 1868 nescio
1003 1824 1044 1867 an
1067 1802 1120 1866 hic
1145 1822 1272 1886 quoque

28 1997 31 2002 ι
128 1930 240 1973 verum
259 1907 398 1975 Bothius
419 1910 545 1994 viderit,
569 1914 762 1995 praesertim
787 1934 860 1977 cum
879 1913 913 1975 in
932 1911 1025 1975 libris
1045 1932 1111 1975 non
1128 1911 1193 1986 vste,
1217 1909 1272 1971 sed

126 2018 196 2081 istic
218 2019 275 2083 sit:

217 2160 278 2226 Sed
302 2161 378 2225 istic
401 2160 592 2227 Theotimus
617 2162 749 2227 diuesne
774 2164 845 2229 est?
883 2161 949 2228 CH.
974 2163 1073 2226 etiam
1097 2157 1218 2245 rogas?

127 2301 209 2367 Cum
233 2303 459 2370 choriambicis
484 2311 594 2370 autem
619 2307 783 2372 vocabulis
808 2307 868 2371 etsi
892 2329 949 2390 per
973 2329 1007 2371 se
1031 2305 1165 2369 minime
1188 2325 1272 2367 oom-

127 2410 272 2493 paranda
295 2415 371 2475 sunt
394 2414 659 2495 anapaestica,
691 2434 765 2497 nec,
794 2414 849 2477 ubi
874 2417 1055 2497 oxytonum
1078 2434 1142 2476 non
1168 2412 1271 2495 sequi-

127 2523 194 2603 tur,
227 2519 468 2603 anapaesticum
501 2525 635 2603 quartus
666 2542 723 2604 pes
756 2521 901 2585 admisit:
940 2517 1030 2605 (nam
1063 2519 1272 2584 deterrimum

126 2647 257 2689 versum
280 2624 348 2689 Mil.
371 2624 420 2711 ΙΙ,
443 2627 473 2709 6,
497 2628 538 2691 73
561 2627 693 2690 Futcdr:
716 2629 827 2709 quidni
846 2627 966 2707 fateare
988 2628 1101 2709 memet
1122 2627 1203 2707 quod
1223 2627 1272 2687 ui·

127 2734 225 2797 aaa
252 2731 339 2798 infra
367 2732 648 2817 emaculabimus:)
672 2738 781 2799 tamen
805 2739 894 2798 certa
916 2733 978 2798 hac
1002 2733 1202 2817 condicione,
1237 2735 1273 2794 ut

128 2863 202 2904 cum
225 2840 450 2924 monosyllaba
473 2862 550 2905 voce
572 2841 607 2904 in
630 2840 840 2905 choriambici
864 2841 1014 2905 vocabuli
1038 2840 1177 2924 speciem
1201 2861 1273 2903 coa-

127 2949 263 3012 lescerct
291 2947 547 3032 anapaestioum,
580 2948 673 3031 eique
701 2947 936 3012 consociationi
964 2969 1030 3012 non
1053 2950 1273 3031 repugnarent

128 3056 183 3119 sed
202 3056 350 3120 faverant
370 3055 619 3120 constructionis
638 3054 972 3138 interpunctionisque
991 3053 1172 3138 intervalla,
1190 3053 1272 3116 raris
1325 3078 1328 3085 a

128 3161 323 3246 quibusdam
351 3163 506 3247 exemplis
534 3161 619 3225 idem
647 3162 732 3246 quod
757 3163 790 3224 in
814 3161 1042 3226 choriambicis
1066 3161 1189 3225 factum
1215 3164 1272 3223 est.
1392 3223 1394 3225 ,

128 3268 214 3334 Hinc
232 3269 335 3353 igitur
354 3275 405 3333 est
424 3292 480 3333 cur
495 3269 670 3334 offensione
685 3274 817 3335 careant
830 3267 899 3332 Mil.
913 3268 937 3353 Ι,
951 3270 978 3350 1,
988 3269 1017 3333 6.
1033 3268 1083 3333 29.
1107 3266 1164 3352 IV,
1175 3268 1205 3351 3,
1215 3268 1271 3331 32:

218 3410 268 3475 Ne
291 3413 487 3476 lamentetur
509 3413 585 3475 neue
607 3414 747 3476 animam
771 3412 978 3496 despondeat.

218 3517 358 3584 Conisus
382 3540 484 3602 esses,
500 3520 560 3599 per
581 3519 711 3596 coriam,
736 3540 792 3602 per
815 3516 948 3583 uiscera.

217 3625 305 3690 Istuc
329 3647 408 3690 caue
431 3623 528 3689 faxis:
552 3628 629 3706 quin
646 3628 752 3706 potius
774 3646 832 3709 per
855 3625 1004 3709 gratiam.

130 3768 192 3835 Sed
216 3768 300 3853 quod
320 3768 424 3833 multo
444 3790 520 3832 sane
539 3768 645 3852 magis
665 3766 783 3831 mirum
803 3772 862 3850 est,
885 3766 966 3830 illud
986 3771 1044 3848 est,
1068 3766 1152 3849 quod
1172 3766 1271 3829 etium

129 3875 356 3959 molossum,
389 3875 444 3958 qui
476 3875 536 3938 etsi
569 3897 752 3938 mensuram
787 3874 966 3939 choriambi
999 3876 1130 3957 aequat,
1162 3877 1271 3935 tamen

129 3983 248 4046 mirum
272 3985 430 4065 quantum
459 3982 500 4045 ab
525 3981 593 4045 eius
618 3981 823 4046 volubilitate
848 3980 962 4066 distat,
984 4003 1049 4046 non
1072 4000 1206 4063 prorsus
1231 3979 1272 4042 ab

129 4089 185 4154 illo
209 4110 320 4152 versus
344 4088 416 4152 loco
441 4088 607 4151 exclusum
631 4086 732 4151 fuisse
750 4086 907 4170 exemplis
927 4087 1117 4151 credendum
1137 4090 1195 4150 est.
1227 4085 1273 4149 Et

82 4174 91 4186 ’
129 4195 296 4260 excusatio
316 4193 446 4280 quidem
466 4194 587 4277 eadem,
610 4216 693 4278 quae
712 4193 884 4257 verborum
904 4194 1072 4259 ordinibus
1091 4193 1273 4259 conuenatm

129 4303 280 4384 quiuntaim
288 4304 395 4383 potest,
410 4306 525 4387 parata
538 4299 624 4365 foret
637 4299 758 4366 talibus
778 4299 872 4384 quale
887 4299 973 4364 Trin.
984 4300 1049 4364 550
1063 4299 1272 4385 vulgabatur:

236 4495 261 4562 ⁴¹)
281 4494 335 4566 [Of.
354 4495 556 4551 Trin.²·ann0t.
577 4495 612 4549 ad
632 4514 657 4550 v.
677 4493 751 4564 922]

184 4604 225 4637 1¹8.
245 4603 395 4638 Bluscmu
415 4605 550 4641 OPVBGVLA
573 4606 596 4640 V.
1027 4589 1059 4635 ‘29
