2986 5010
211 364 277 428 444
500 376 827 425 333333311311133
852 375 1064 424 3111311313

211 527 243 588 34
266 521 331 587 VII
360 524 608 606 composuimus.
655 519 726 596 Quo
754 523 883 605 praeter
907 519 971 584 alia
994 518 1074 583 adde
1092 517 1249 600 placidula
1272 519 1360 601 [pla-

210 631 296 696 3414334
317 626 431 712 unns]
461 630 497 693 in
520 627 714 693 4341333343
741 649 801 711 pro
820 626 944 709 placide
961 629 998 691 iu
1018 625 1213 703 4343343343
1238 649 1266 691 1.
1292 625 1360 690 726

211 736 472 802 commendatum
496 760 527 821 p.
551 753 657 800 31111111
681 734 785 817 [3384.

682 1038 792 1086 ossus
816 1019 887 1085 XV.
926 1116 929 1120 p

299 1182 501 1249 Difficillima
529 1181 672 1246 omnium
701 1179 815 1245 haberi
838 1202 876 1245 ea
899 1181 1046 1266 quaestio
1070 1180 1166 1262 solet,
1199 1202 1283 1264 quae
1308 1183 1362 1244 est

210 1295 248 1359 de
273 1294 455 1358 accentus
478 1287 649 1352 verborum
673 1309 745 1351 cum
764 1308 971 1375 numerorum
990 1287 1171 1352 rationibus
1191 1286 1360 1351 consocia-

209 1401 308 1464 tione.
355 1397 403 1461 De
427 1416 490 1478 qua
514 1392 574 1458 3434
599 1392 679 1456 1114414
702 1393 812 1457 1414331
835 1395 883 1458 443
905 1394 1069 1478 disputare
1093 1414 1189 1477 posse
1212 1396 1262 1475 114,
1287 1393 1361 1477 qui-

113 1535 195 1575 rcvn
210 1507 270 1569 bus
295 1525 314 1566 3
336 1500 504 1586 principiis
528 1499 673 1583 profecta
697 1500 877 1585 quibusque
901 1523 921 1565 a
943 1501 1066 1565 caussis
1086 1503 1164 1564 11343
1182 1499 1223 1564 314
1243 1521 1360 1563 33111111

211 1612 319 1696 legum
349 1607 566 1673 constantiam
595 1628 647 1670 ars
675 1606 736 1671 illa
763 1613 933 1692 poetarum
955 1627 1128 1692 progressa
1152 1605 1209 1690 sit,
1237 1606 1361 1691 quibus

210 1722 315 1782 totum
334 1714 396 1779 hoc
416 1734 518 1799 genus
538 1713 739 1778 admirabilis
759 1715 988 1780 concinnitatis
1006 1714 1140 1799 regitur,
1163 1713 1360 1798 planissime

209 1817 470 1906 intellegatur*):
503 1824 613 1884 tamen
642 1821 781 1906 amplius
810 1822 842 1886 id
873 1823 935 1888 sibi
960 1822 1100 1907 spatium
1124 1821 1231 1905 poscit
1255 1843 1358 1905 quam

209 1928 294 2013 quod
320 1927 393 1992 buia
415 1927 458 1991 344
481 1926 675 2011 praefationi
699 1919 907 1995 concessum(
941 1930 1054 2014 Itaque
1082 1929 1145 1992 huc
1168 1927 1247 1993 olim
1273 1928 1360 1993 redi·

209 2041 300 2099 turus
327 2043 412 2099 nunc
440 2033 619 2118 singularia
642 2038 770 2100 tantum
794 2036 953 2121 quaedam
976 2040 1123 2121 tangam,
1151 2057 1289 2119 quorum
1315 2037 1358 2100 ad

208 2143 313 2226 ipsam
344 2140 488 2204 criticam
519 2141 732 2205 factitandum
759 2143 871 2226 paullo
902 2143 1033 2226 gravius
1062 2147 1276 2207 momentum:
1316 2144 1360 2209 ad

209 2269 310 2334 genus
338 2246 525 2310 universum
555 2251 641 2312 recte
671 2247 888 2315 definiendum
920 2248 1125 2333 paucissimis
1155 2250 1358 2334 praemissis.

208 2354 350 2418 Omnino
376 2354 462 2417 bnim
498 2353 581 2418 nihil
609 2377 679 2419 esse
707 2356 823 2421 falsius
850 2361 962 2441 potest
989 2381 1088 2443 quam
1118 2355 1202 2442 quod
1235 2358 1359 2423 veteris

210 2461 293 2525 Latii
322 2460 577 2545 posteriorisque
605 2464 722 2527 aetatis
750 2463 911 2547 poeticam
935 2465 983 2529 443
1006 2464 1069 2529 sibi
1092 2463 1229 2529 invicem
1254 2486 1359 2548 oppo-

207 2573 299 2654 nunt,
322 2551 360 2654 144
382 2567 465 2632 413113
489 2570 671 2653 quantitate
696 2570 897 2654 syllabarum
921 2571 1005 2657 regi,
1028 2571 1121 2634 illam
1146 2570 1256 2635 dicant
1280 2593 1298 2635 3
1324 2573 1358 2636 vi

207 2679 357 2740 3333114113
381 2676 528 2759 pendere.
565 2676 709 2752 Quorum
734 2681 863 2742 tantum
886 2678 977 2762 prius
1002 2701 1110 2743 verum
1136 2683 1194 2761 est,
1217 2702 1292 2743 cum
1319 2680 1357 2744 il-

206 2784 248 2849 lic
271 2787 422 2875 accentus
447 2781 513 2846 rim
536 2784 769 2867 propemodum
793 2785 918 2849 nullam
942 2806 1012 2848 esse
1036 2788 1176 2850 constet:
1210 2785 1356 2852 alterum

206 2914 246 2955 ne
271 2891 318 2955 sic
341 2889 469 2975 quidem
489 2912 562 2954 vere
582 2889 783 2975 describitur,
807 2896 843 2956 ut
861 2915 935 2956 cum
955 2897 1088 2957 accentu
1108 2892 1235 2957 dicatur
1253 2916 1357 2978 quan-

205 2998 312 3062 titatis
343 2997 427 3061 ratio
452 2996 561 3081 aliquo
585 3001 840 3082 temperamento
865 2999 1026 3085 coniungi.
1073 2998 1158 3064 Nam
1182 3003 1356 3084 tamquam

206 3127 265 3169 acu
288 3126 340 3168 133
363 3104 412 3168 443
434 3103 564 3168 demum
587 3105 743 3190 tangitur,
767 3110 803 3170 ut
826 3106 925 3170 etiam
945 3106 1062 3170 veteris
1082 3106 1267 3171 comoediae
1288 3111 1355 3173 tra-

206 3210 403 3295 goediaeque
432 3210 495 3274 arti
523 3210 676 3275 metricae
704 3234 770 3295 pro
794 3211 1049 3278 fundamento
1074 3213 1174 3278 fuisse
1197 3215 1356 3299 quanti-

205 3315 302 3381 tatis
340 3316 654 3383 observatiouem
691 3318 916 3403 intellegatur,
954 3320 1011 3384 sed
1044 3321 1113 3386 eius
1145 3321 1357 3406 quantitatis,

205 3445 287 3509 quae
312 3424 417 3510 qualis
437 3424 535 3489 fuerit
554 3424 734 3509 quibusque
752 3425 850 3489 rebus
870 3448 889 3490 a
908 3428 1125 3510 posteriorum
1146 3428 1355 3495 saeculorum

205 3531 437 3596 consuetudine
466 3532 578 3614 distet,
612 3532 833 3616 superioribus
864 3534 1026 3618 capitibus
1057 3534 1256 3599 declaratum
1290 3540 1356 3600 est:

205 3661 287 3703 curn
311 3640 380 3704 eius
404 3644 512 3704 autem
540 3639 776 3724 quantitatis
806 3642 1019 3706 severitate
1048 3663 1192 3706 summa
1217 3663 1356 3706 accen·

148 3795 153 3807 .
204 3749 267 3809 tus
291 3745 620 3828 observationem,
647 3748 770 3827 qrcoud
789 3749 868 3812 cius
888 3749 982 3827 ficri
1000 3754 1135 3831 posset,
1164 3748 1356 3814 coucilia-

204 3855 280 3915 43111
305 3874 384 3916 esse.
429 3852 566 3917 Prorsus
591 3853 678 3916 enim
702 3859 872 3937 utramque
895 3855 1056 3919 rationem
1080 3876 1259 3939 exaequare
1284 3878 1356 3921 om·

203 3958 282 4025 nino
306 3982 370 4025 non
393 3962 569 4043 potueruut
591 3963 716 4044 poetae,
739 3960 767 4024 si
792 3959 888 4025 modo
912 3959 982 4025 fieri
1006 3982 1117 4025 versus
1141 3961 1276 4026 vellent:
1302 3966 1358 4030 134

204 4070 289 4131 33143
312 4072 380 4132 43111
405 4067 553 4151 angustis
577 4066 697 4131 tinibus
726 4070 828 4130 semet
856 4089 1001 4132 coercere
1025 4067 1216 4151 debuerant,
1243 4074 1283 4135 ut
1313 4072 1359 4136 ad

203 4194 304 4236 unum
327 4174 494 4240 modulum
518 4174 663 4239 centenis
683 4173 829 4239 versibus
853 4197 925 4239 cum
948 4176 1092 4240 1113141113
1114 4175 1268 4240 1113433443
1293 4201 1359 4244 sua

204 4278 371 4345 fabricatis
398 4303 463 4345 non
490 4285 625 4364 possent
651 4304 717 4346 non
740 4281 774 4345 in
796 4280 1018 4346 incredibilem
1041 4282 1121 4346 artis
1145 4282 1358 4352 ieiunitatem

310 4489 335 4559 *)
355 4490 407 4561 [of.
430 4491 530 4562 Opusc.
550 4490 618 4561 phil.
639 4492 663 4544 ll
682 4491 768 4561 prael.
789 4510 814 4561 p.
835 4492 873 4546 XI
883 4493 955 4562 sqq]
