3038 5010
265 315 329 379 228
572 332 783 380 urspvrnmo
807 332 854 379 uu
878 330 1107 380 ausonianas

744 478 866 555 (τροφὴ
890 470 928 553 ι’·

266 578 317 626 ιοο
377 564 414 629 ἰὼ
440 566 614 629 παναλκεῑς
637 563 714 643 θεοί,

380 671 417 734 ἰὼ
441 672 557 735 τέλειοι
581 671 700 736 τέλειαί
722 692 757 735 τε
781 673 840 749 γᾶς
863 673 958 735 τᾶςδε
982 670 1230 750 πυργοφύλακες

376 776 471 841 πόλιν
495 777 671 856 δορίπονον
695 780 734 858 μὴ
759 776 901 856 προδῶθ’
924 776 1153 858 ἑτεροβόιγμονι
1177 782 1316 861 ςτρατῷ·

267 901 317 949 ιτα
376 885 488 950 κλύετε
513 888 692 964 παρθένων,
715 885 827 950 κλύετε
852 884 1024 950 πανδίκους
1048 882 1253 964 χειροτόνους
1279 883 1376 950 λιτάς.

704 990 898 1072 ἀντιςτροφὴ
922 988 960 1070 γ’.

379 1099 416 1163 ἰὼ
440 1098 529 1179 φίλοι
553 1098 711 1177 δαίμονες,

376 1204 517 1284 λυτήριοί
540 1203 569 1269 τ’
590 1204 786 1286 ἀμφιβάντες
809 1205 904 1269 πόλιν
928 1203 1044 1271 δείξαθ’
1066 1203 1111 1267 ὡς
1134 1204 1340 1283 φιλοπόλεις·

266 1328 317 1375 ιαο
375 1312 505 1390 μέλεςθέ
522 1309 559 1375 ’θ’
581 1311 678 1390 ἱερῶν
702 1311 831 1392 δημίων,
857 1312 1026 1391 μελόμενοι
1050 1310 1079 1374 δ’
1102 1310 1253 1392 ἀρήξατε·

376 1417 560 1498 φιλοθύτων
584 1420 618 1483 δέ
643 1439 692 1483 τοι
716 1419 836 1486 πόλεος
859 1418 979 1497 ὀργίων
1001 1420 1174 1498 μνήςτορες
1198 1417 1267 1483 ἔςτε
1291 1440 1354 1498 μοι.

353 1540 428 1606 Non
463 1541 569 1607 fuerat
600 1542 729 1608 difficile
761 1544 946 1609 universum
979 1565 1108 1608 carmen
1140 1543 1191 1608 bis
1225 1543 1410 1628 quindecim

266 1651 412 1736 personis
432 1651 479 1715 ita
501 1649 680 1733 disponere,
699 1654 735 1716 ut
754 1652 891 1736 singulis
910 1651 988 1716 bina
1006 1655 1168 1717 commata
1185 1651 1414 1728 tribuerentur,

265 1764 398 1842 excepto
419 1757 547 1842 quidem
561 1757 749 1844 hegemone,
768 1758 818 1823 cui
838 1758 938 1823 semel
953 1761 1081 1823 tautum
1098 1757 1301 1823 recitandum
1316 1762 1412 1822 esset.

265 1862 327 1928 Sed
358 1862 567 1948 stropharum
597 1864 718 1930 indicia
747 1865 788 1930 ab
821 1869 892 1930 toto
922 1864 973 1929 vel
1003 1863 1136 1930 dimidio
1169 1864 1267 1930 choro
1301 1869 1412 1931 canta-

264 1976 372 2035 tarum
392 1970 425 2034 in
445 1971 635 2056 quibusdam
655 1971 735 2037 locis
754 1972 868 2057 negari
891 1971 1004 2057 nequit
1025 1976 1193 2056 tamquam
1217 1994 1276 2037 sua
1295 1977 1412 2058 sponte

265 2079 386 2161 offerri,
410 2081 443 2143 at
466 2079 667 2163 apertissime
691 2078 820 2163 quidem
845 2101 864 2143 a
888 2102 916 2143 v.
943 2079 1006 2143 150
1029 2076 1209 2164 (sequimur
1232 2077 1412 2144 Wellaueri

264 2181 442 2270 numeros):
466 2189 634 2269 praeterea
659 2185 770 2250 eodem
794 2185 883 2250 valet
906 2189 1082 2250 metrorum
1106 2208 1125 2249 a
1148 2208 1177 2250 v.
1203 2188 1262 2251 111
1290 2191 1323 2251 et
1348 2188 1412 2252 125

265 2293 488 2376 aequabilitas.
534 2292 657 2357 Deinde
680 2296 789 2358 autem
819 2292 1087 2377 quemadmodum
1111 2292 1145 2355 in
1168 2294 1323 2358 carminis
1347 2295 1412 2359 fine

223 2425 249 2463 n
264 2399 407 2464 universi
434 2400 524 2465 chori
547 2400 696 2465 recitatio
720 2421 784 2464 nou
808 2422 828 2464 a
855 2400 1071 2486 singulorum,
1096 2399 1152 2463 sed
1176 2421 1196 2463 a
1219 2404 1410 2467 cunctorum

263 2505 468 2570 invocatione
484 2505 617 2570 deorum
632 2505 747 2591 incipit
767 2504 820 2592 (ἰὼ
839 2509 1013 2570 παναλκεῑς
1031 2504 1122 2592 θεοί),
1142 2506 1189 2571 ita
1208 2529 1290 2592 quae
1309 2508 1412 2572 simil·

264 2613 343 2678 lima
365 2611 529 2679 invocatio
553 2611 721 2697 stropham
747 2609 773 2694 β’
797 2613 1023 2698 praegreditur
1046 2612 1119 2677 inde
1143 2636 1210 2679 av.
1232 2615 1304 2694 105,
1327 2616 1410 2680 item

264 2721 388 2788 videtur
406 2743 471 2786 una
489 2742 561 2785 cum
581 2719 732 2805 congruis
753 2720 897 2784 versibus
922 2720 1145 2803 antistrophae
1170 2720 1196 2803 β’
1219 2722 1411 2807 praemissis

265 2829 345 2916 (120
356 2826 439 2913 sqq.)
469 2828 509 2892 ad
538 2828 723 2892 universum
751 2827 885 2892 chorum
913 2827 1092 2894 referenda.
1137 2828 1207 2904 Quo
1232 2829 1320 2894 facto
1346 2829 1411 2894 sin·

264 2936 392 3022 gularia
415 2939 576 3000 commata
599 2939 768 2999 remanent
790 2933 901 3017 xv,.e
925 2933 1042 3018 quibus
1067 2937 1219 3019 quattuor
1241 2937 1289 3000 ita
1312 2937 1411 3001 collo-

264 3047 337 3109 cata
368 3045 456 3126 sunt,
488 3045 525 3106 ut
556 3041 764 3126 stropharum
797 3041 1047 3107 continuitatem
1079 3041 1296 3128 intercipiant.
1342 3041 1413 3108 Neo

264 3170 380 3214 caussa
403 3147 485 3213 latet
508 3149 576 3213 eius
600 3148 656 3212 rei.
696 3146 783 3211 Nam
806 3168 879 3211 cum
902 3146 993 3211 chori
1016 3151 1126 3230 partes
1151 3152 1184 3213 et
1207 3150 1411 3234 singulorum

263 3261 374 3342 partes
400 3256 640 3339 choreutarum,
664 3254 690 3318 si
715 3253 864 3318 universe
887 3257 920 3318 et
943 3255 1123 3337 generatim
1146 3277 1213 3321 rem
1233 3279 1413 3343 censemus,

264 3386 301 3429 eo
332 3364 493 3445 differant,
533 3366 569 3427 ut
602 3362 637 3426 hi
669 3361 710 3425 ab
747 3359 884 3444 singulis
915 3360 1091 3445 terriculis,
1124 3383 1206 3445 quae
1236 3363 1269 3427 in
1299 3365 1412 3429 oculos

265 3494 396 3537 auresve
415 3469 615 3554 trepidorum
635 3467 796 3552 virginum
816 3466 975 3549 incidunt,
998 3467 1247 3551 proficiscantur
1265 3470 1305 3534 ad
1325 3471 1411 3535 subi-

264 3583 315 3643 tas
352 3577 602 3642 lamentationes
639 3573 819 3639 fundendas
856 3574 1101 3659 legitimamque
1138 3575 1410 3659 supplicationem

265 3684 563 3768 commendandam,
585 3682 672 3747 illius
692 3684 801 3746 autem
824 3681 956 3766 propria
980 3681 1023 3746 sit
1045 3680 1117 3766 ipsa
1139 3683 1294 3766 precatio,
1318 3682 1410 3749 seda·

265 3793 329 3858 tior
353 3814 392 3857 ea
415 3796 447 3857 et
471 3789 681 3875 aequabilior,
704 3788 927 3871 malorumque
946 3787 1053 3853 brevis
1072 3791 1199 3853 tantum
1219 3789 1259 3854 ad
1279 3812 1408 3855 moven-

265 3901 323 3967 dos
356 3900 489 3965 deorum
521 3898 646 3963 animos
679 3895 867 3979 descriptio:
900 3898 1150 3960 consentaneum
1184 3898 1235 3960 est
1266 3896 1409 3979 primum

265 4008 404 4095 singulis
433 4005 581 4091 personis
608 4003 759 4068 distribui
787 4003 894 4088 ipsum
922 4003 1050 4068 initium
1074 4002 1236 4068 carminis.
1282 4002 1410 4069 Deinde

265 4140 285 4181 a
306 4115 537 4181 lamentatione
565 4118 598 4178 et
626 4111 665 4176 ad
694 4133 881 4176 communes
905 4131 1017 4196 preces
1041 4108 1267 4175 cohortatione
1290 4113 1410 4175 transi-

265 4228 334 4288 tum
349 4225 444 4309 parat
462 4222 578 4286 Martis
593 4219 754 4285 invocatio
774 4241 802 4283 τ.
825 4218 896 4297 102,
919 4218 1010 4282 cuius
1025 4214 1076 4280 dei
1099 4215 1300 4295 αὐτόχθονος
1321 4218 1409 4283 velut

265 4330 401 4394 fortuita
428 4329 551 4394 mentio
580 4329 700 4393 iniecta
728 4330 815 4391 esset
841 4325 957 4390 ultimo
986 4345 1080 4389 versu
1102 4344 1314 4408 praegressae
1338 4348 1407 4410 per·

265 4458 372 4501 sonae.
417 4435 497 4499 Post
524 4439 671 4500 cantatas
702 4434 810 4499 autem
840 4429 991 4515 strophas
1019 4424 1049 4493 α’
1070 4427 1095 4509 β’
1125 4451 1299 4515 earumque
1327 4432 1407 4496 anti-
