2992 5004
238 301 303 364 376
525 317 787 366 nuonnconnus
811 317 858 364 nn
882 316 1093 365 armorumve

329 463 412 527 rote
436 412 522 527 irco
547 462 587 526 aa
610 483 662 526 me
685 461 823 526 actuum
847 466 882 526 a
905 460 1023 526 cedrea
1048 483 1120 526 eam
1144 461 1230 526 donc
1256 460 1354 525 min:

239 627 375 691 prorsus
398 605 439 670 ad
462 627 536 670 eum
560 603 691 671 modum
715 626 778 690 quo
803 605 901 669 etiam
920 603 1036 670 Bacch.
1050 603 1149 689 111,3,
1160 604 1212 669 78.
1236 602 1337 689 1v‚7,
1350 604 1389 668 13

241 719 275 780 et
296 714 354 798 IV,
368 714 398 796 9,
413 714 456 779 36
479 712 566 777 letali
589 716 778 796 corruptum
801 711 908 776 estin
931 711 1047 777 danii?
1467 703 1470 707 ’

328 822 460 886 Praeter
479 841 533 884 eas
552 818 692 902 voculas,
715 841 735 882 a
759 818 875 902 quibus
899 819 1005 883 exorsi
1029 840 1150 903 sumus,
1172 841 1191 883 e
1215 820 1307 884 vitae
1330 843 1391 885 usu

241 929 404 995 communi
428 929 589 993 fluxerunt
612 926 712 990 etiam
734 927 820 990 inde
843 928 937 991 unde
960 928 1062 992 intus
1084 928 1184 991 inter
1205 949 1336 1011 nempe
1359 934 1392 993 et

241 1039 359 1103 omnis
387 1035 545 1117 vocabula
573 1039 721 1119 correpta
743 1034 957 1120 paenultima,
986 1057 1184 1120 quamquam
1207 1036 1316 1101 multo
1339 1059 1390 1102 ra

28 1142 30 1145 ’
117 1165 228 1206 cxxvn
242 1146 324 1224 rins,
361 1147 531 1228 usurpata:
569 1143 687 1227 quibus
719 1146 848 1225 praeter
880 1142 1053 1208 veritatem
1086 1143 1278 1208 existimata
1315 1148 1392 1209 sunt

242 1252 362 1316 hercle
397 1272 479 1334 erpo
515 1251 660 1333 quippe,
698 1249 762 1313 alia
794 1249 954 1314 accedere.
999 1250 1137 1315 Hercle
1169 1251 1293 1334 corripi
1326 1252 1392 1316 iam

243 1358 410 1424 Bentleius
434 1358 468 1422 in
490 1356 574 1421 Eun.
600 1356 637 1440 V,
656 1357 686 1439 8,
699 1356 743 1420 43
767 1355 861 1421 ‘cras'
885 1357 993 1441 inquit
1016 1356 1182 1422 ‘credam'2
1206 1355 1394 1422 Trinummi

244 1488 272 1529 v.
296 1465 339 1529 52
361 1486 497 1550 pravam
519 1464 826 1549 pronuntiationem,
848 1486 877 1528 v.
896 1465 959 1530 507
984 1465 1091 1550 ipsam
1114 1486 1227 1529 vocem
1252 1466 1394 1530 Ambro

245 1572 355 1636 sianus
379 1571 524 1655 sustulit;
548 1594 577 1636 v.
600 1571 665 1636 559
689 1576 746 1636 aut
767 1571 864 1637 berclc
888 1594 925 1636 ex
949 1571 1132 1656 insequenti
1155 1574 1214 1636 aut
1237 1593 1279 1636 ex
1302 1595 1395 1657 prae·

245 1676 433 1742 cedentibus
451 1677 574 1758 patalen
592 1677 725 1763 irrepsit
734 1675 780 1763 *);
803 1676 904 1742 simili
924 1699 1032 1743 errore
1051 1678 1306 1743 vitiosissimum
1324 1701 1395 1763 pro

245 1783 509 1849 celeusmaticum
532 1783 629 1848 lccrclc
651 1784 703 1848 illc
724 1785 846 1865 quidem
869 1785 972 1848 rm
998 1782 1211 1871 efficiunt**);
1231 1787 1394 1870 producto

244 1892 342 1957 lrcrclc
373 1894 459 1955 recte
491 1889 636 1975 procedit
668 1913 696 1954 v.
720 1890 762 1955 58
787 1890 840 1974 [ci.
868 1914 899 1975 p.
924 1907 1005 1955 cmv
1033 1888 1152 1976 (399)].
1199 1891 1252 1956 Ad
1287 1898 1397 1958 cetera

245 2000 406 2085 exempla,
439 2019 521 2082 quae
549 1998 584 2061 in
612 1997 772 2081 corruptis
803 1997 949 2063 versibus
979 2002 1056 2063 sunt
1078 1998 1202 2082 omnia,
1232 2022 1321 2065 nune
1345 2023 1396 2065 cn-

245 2106 380 2191 spatiari
403 2106 537 2191 longum
561 2108 619 2169 est.
637 2141 673 2149 —
692 2101 884 2187 Correptum
907 2101 1065 2190 crpo***)
1084 2103 1270 2171 Trinummi
1291 2131 1321 2173 v.
1331 2108 1396 2173 92ss

246 2212 384 2277 vitiabat
414 2217 489 2275 ante
517 2209 733 2276 certissimam
760 2209 864 2274 Reizii
888 2209 1183 2296 transpositionem.
1229 2212 1396 2300 Transpa-

246 2320 351 2384 nendo
376 2318 475 2382 etiam
498 2317 615 2382 Militis
638 2315 696 2400 IV,
719 2318 749 2401 2,
775 2318 814 2381 17
840 2315 1104 2382 succurrendum:

336 2445 408 2546 Ego
433 2460 586 2525 continuo
610 2461 743 2523 uxorem
766 2458 851 2523 hanc
874 2458 1001 2525 ducam.
1028 2497 1064 2507 -
1095 2460 1185 2545 Ergo
1209 2462 1296 2527 hauc
1320 2464 1398 2548 quid

1046 2567 1174 2632 dubitas
1199 2570 1377 2654 conloqui?

247 2713 365 2776 Persae
389 2710 415 2794 Ι,
441 2713 468 2792 1,
491 2711 533 2775 26
559 2732 596 2774 ex
620 2708 837 2773 Ambrosiano
862 2709 909 2773 sic
932 2710 1164 2775 restituendus:

337 2869 419 2948 Quid
449 2891 509 2956 ego
537 2869 678 2934 faciam?
711 2856 822 2935 ddisne
851 2869 1007 2936 aduorser
1034 2870 1127 2955 quasi
1154 2871 1289 2935 Titani?
1324 2896 1399 2938 cum

1047 2966 1091 3042 tis
1115 2977 1317 3063 belligerem,

461 3083 589 3162 Quibus
613 3088 664 3149 sat
688 3107 757 3149 esse
782 3085 848 3148 ndu
871 3084 1010 3168 queam?

249 3230 374 3311 Enopa
398 3233 505 3292 ortum
529 3249 598 3311 erpo
621 3226 764 3291 eiusdem
787 3227 916 3292 fabulae
940 3225 981 3311 Π,
1005 3228 1034 3305 2,
1059 3228 1093 3292 3:
1117 3227 1196 3291 item
1219 3225 1322 3293 Poen.
1342 3228 1400 3313 lv,

250 3338 280 3420 2,
306 3337 357 3419 71,
381 3357 474 3419 quem
499 3336 545 3401 sic
568 3334 703 3399 emendo
727 3335 815 3399 viam
838 3338 1042 3400 monstrante
1065 3334 1302 3401 Ambrosianoz

339 3477 456 3542 Facile.
482 3515 522 3523 -
546 3476 628 3541 Face
653 3496 712 3560 ego
735 3476 767 3540 id
791 3476 885 3541 facile
909 3498 1042 3541 noscam
1066 3497 1157 3563 ergo,
1179 3479 1217 3540 ut
1240 3476 1299 3541 ille
1325 3501 1399 3563 pos-

1051 3584 1094 3648 sit
1115 3586 1257 3648 noscere.

251 3729 354 3795 Stichi
378 3727 417 3812 V,
440 3729 475 3809 4,
499 3728 542 3792 45
566 3727 735 3791 delendum
758 3749 826 3811 cpe,
849 3731 886 3791 ut
911 3749 928 3791 e
951 3726 1150 3812 praegressis
1173 3725 1315 3791 illatum.
1363 3728 1401 3794 In

356 3922 382 3991 *)
402 3922 569 3993 [Vtramque
592 3921 720 3975 voculam
744 3920 773 3974 in
792 3920 834 3974 cd.
854 3921 903 3976 alt.
927 3920 987 3990 (ubi
1011 3920 1045 3976 ct.
1065 3919 1152 3991 praef.
1171 3936 1198 3989 p,
1217 3921 1320 3989 amr)
1347 3938 1402 3977 001.

250 4011 330 4067 vavit
343 4009 522 4077 Ritschelius‚
541 4009 631 4064 multo
647 4010 742 4064 tamen
760 4009 880 4065 leniores
895 4008 1006 4080 prodire
1024 4025 1154 4064 numeros
1172 4023 1291 4063 monens
1311 4010 1404 4065 altera

251 4100 380 4257 domii)
400 4188 448 4259 [In
476 4187 518 4241 aa.
544 4187 592 4241 aa.
621 4189 727 4257 psas„
754 4188 877 4243 servavit
903 4188 963 4243 acar
990 4205 1040 4256 pro
1068 4187 1139 4242 aesc
1165 4202 1308 4257 reponens
1338 4205 1403 4244 oum
1440 4246 1449 4264 ‚

295 4296 329 4332 rar
350 4320 355 4331 .

252 4279 293 4333 ΒΘ
329 4279 386 4436 Σ)’]’)
406 4367 472 4440 [‘de
491 4384 546 4436 quo
566 4367 633 4423 olim
652 4369 805 4438 praecepta
823 4367 870 4422 diu
889 4369 933 4422 est
950 4383 984 4421 cx
1003 4383 1059 4436 quo
1077 4365 1258 4421 retractanda
1276 4383 1342 4423 ωε
1361 4368 1405 4423 in.

252 4454 373 4511 tellexi’
394 4455 494 4527 Tn‘nf]
581 4476 586 4485 ·
