2940 5004
404 370 671 418 nunnnauronis
695 369 901 416 canusinae.
1165 352 1229 415 523

83 516 244 581 inutiliter
270 537 330 580 nec
349 513 531 579 'iniucunda
560 515 681 599 poterit
708 535 766 597 per
795 513 923 598 singula
953 512 1102 598 persequi
1134 515 1229 596 atquc

84 622 277 707 expendere,
300 645 360 687 nos
385 625 495 686 tamen
518 644 557 687 ea
581 644 680 706 opera
704 644 723 686 a
745 621 841 686 nobis
865 644 950 686 nunc
974 624 1099 685 semota
1128 621 1230 685 satius

26 813 29 817 ἢ
83 731 231 796 duximus
255 752 433 815 paucorum
457 751 608 794 versuum
637 728 866 794 notabiliorem
891 729 1085 812 scripturam
1108 727 1143 792 in
1166 728 1230 792 edi-

82 838 171 903 tione
198 841 360 921 receptam
389 836 531 901 breviter
560 835 738 901 defendere.
784 819 829 901 Et
856 858 982 901 versum
1012 835 1141 920 quidem
1165 836 1256 901 242,

85 944 296 1010 Ambrosiani
320 944 441 1009 auxilio
465 944 577 1009 videor
600 943 779 1009 certissime
802 942 849 1008 sic
872 943 1069 1008 restituisse:

172 1085 257 1151 Nam
281 1087 337 1171 qui
361 1092 463 1171 amat,
491 1087 575 1172 quod
599 1090 701 1166 amat,
730 1109 827 1172 quom
852 1086 1013 1170 extemplo
1038 1086 1106 1150 eius
1130 1085 1230 1150 saulis

812 1194 977 1278 perculsus
1002 1198 1061 1260 est.

85 1337 215 1402 Etenim
241 1359 278 1402 ex
300 1358 351 1418 eo,
375 1338 459 1420 quod
483 1339 706 1422 pereleganter
729 1338 847 1402 dicitur
869 1341 997 1402 amator
1018 1340 1089 1403 aaut
1110 1340 1231 1420 sapittis

78 1444 247 1527 pecularis,
265 1466 331 1509 non
351 1445 558 1528 consequitur
576 1444 721 1529 profecto
741 1467 807 1509 non
827 1445 972 1528 potuisse
992 1446 1099 1510 minus
1118 1449 1230 1510 ornate

83 1552 184 1616 suciis
200 1551 377 1632 pomlsum
400 1550 472 1616 dici.
508 1551 623 1637 Itaque
643 1574 716 1616 cum
736 1574 807 1615 eum
828 1557 978 1616 ornatum
993 1552 1230 1616 Ambrosianus

84 1681 149 1723 non
179 1660 351 1742 agnoscat,
381 1657 434 1721 his
462 1662 598 1742 apparet
625 1658 836 1722 declarandae
864 1658 1019 1744 imaginis
1047 1681 1161 1723 caussa
1188 1659 1230 1723 ab

84 1765 261 1849 interprete
291 1765 467 1849 ascriptum
498 1786 567 1829 esse
597 1767 731 1850 sapidis:
769 1766 855 1850 quod
887 1788 959 1831 cum
990 1788 1049 1849 pro
1078 1763 1230 1830 Plautino

84 1872 293 1956 acciperetur,
317 1875 354 1936 ut
376 1895 448 1937 cum
472 1873 573 1937 scutis
595 1873 802 1937 coniunctum
821 1871 965 1937 construi
985 1876 1106 1955 posset,
1130 1877 1229 1936 muta·

71 1983 153 2043 'tum
182 1982 233 2043 est
262 1979 295 2043 in
323 1980 486 2062 sagittatis.
530 1980 703 2064 Reliquam
731 1983 840 2044 autem
868 2001 979 2044 versus
1003 1979 1230 2044 conformatio·

84 2108 168 2170 nem,
191 2107 273 2169 quac
296 2085 400 2149 eidem
420 2087 636 2151 Ambrosiano
656 2086 801 2164 debetur,
824 2086 1003 2151 luculenter
1021 2090 1130 2150 tuetur
1148 2083 1230 2150 Mer·

87 2194 207 2258 catoris
231 2214 343 2258 uersus
367 2192 423 2275 IV,
446 2196 477 2278 4,
499 2194 534 2258 4:

175 2317 261 2382 Nam
277 2316 335 2402 qui
345 2322 442 2401 amat,
462 2318 548 2404 quod
567 2282 656 2384 amet
676 2316 707 2383 si
724 2318 831 2402 habet,
852 2267 884 2382 id
904 2317 1005 2383 habet
1019 2320 1076 2402 pr6
1092 2318 1173 2384 cibo.
1188 2356 1228 2366 —

85 2459 160 2526 Non
188 2460 346 2531 mediocre
378 2465 487 2527 autem
517 2463 685 2548 negotium
714 2485 742 2528 v.
766 2463 828 2527 261
842 2485 887 2546 sq.
912 2461 1077 2543 exhibent,
1106 2461 1152 2526 sic
1181 2461 1231 2526 edi

85 2567 187 2633 soliti:
218 2568 302 2650 sapit
325 2568 446 2648 forum,
473 2569 563 2652 sapui
591 2575 657 2634 ticos
684 2574 837 2652 amicatus,
868 2569 959 2651 sapui
986 2570 1050 2650 epse
1076 2589 1107 2633 se
1134 2590 1155 2631 a
1176 2590 1231 2633 suo

84 2675 230 2740 contuitu.
268 2673 356 2750 Quae
380 2675 527 2760 intellegi
549 2698 645 2759 posse
670 2696 802 2758 prorsus
825 2695 917 2760 nego.
954 2672 1040 2738 Nam
1065 2674 1231 2757 etsi,cun1

85 2783 190 2865 supere
210 2782 315 2862 scruas
338 2803 428 2846 urerer
451 2781 581 2867 dicitur,
603 2803 693 2847 uram
716 2782 871 2865 accipitur
895 2802 971 2846 sane
995 2803 1054 2865 pro
1078 2784 1232 2862 amatore,

86 2889 258 2973 eademque
288 2889 402 2972 figura,
422 2888 507 2953 idem
536 2911 628 2953 amor
656 2888 718 2952 dici
741 2890 872 2971 poterat
899 2891 932 2952 et
956 2888 1068 2972 sapere
1090 2892 1232 2971 coyuulcs

87 3001 119 3061 et
146 3019 167 3061 a
194 3016 249 3061 suo
276 3000 369 3061 senet
394 2999 519 3061 couiutu
543 2997 667 3078 fugare:
696 2998 805 3060 tamen
832 2999 1004 3080 postquam
1028 2994 1068 3060 ad
1090 2999 1232 3078 coquimus

87 3102 196 3168 addito
225 3108 293 3168 treus
315 3102 507 3186 pronomine
530 3102 565 3166 in
596 3102 658 3167 hoc
685 3102 793 3186 ipsum
821 3102 977 3168 amatoris
1007 3101 1097 3167 notio
1128 3107 1231 3165 trans-

85 3211 169 3276 ierat
196 3231 351 3296 suamqua
380 3209 545 3294 propriam
573 3209 739 3289 notionem
768 3231 857 3275 cazor
880 3213 1058 3294 receperat,
1085 3232 1150 3276 non
1178 3232 1233 3294 po·

86 3317 150 3381 tuit
172 3317 206 3380 in
230 3317 327 3382 tertio
351 3317 497 3382 membro
520 3317 605 3382 idem
627 3338 717 3382 aanor
735 3338 852 3382 nomen
873 3317 912 3381 ad
933 3317 1089 3382 amatoris
1109 3316 1231 3402 siguifi-
1247 3345 1345 3385 cccxv

86 3423 247 3489 cationum
277 3424 381 3489 deriuo
409 3424 530 3489 reflecti
559 3428 593 3489 et
620 3424 754 3489 alterius
776 3446 933 3509 personae
956 3424 1142 3508 pronomini
1165 3423 1232 3487 iam

86 3529 202 3594 tertiae
224 3552 403 3614 pronomen
427 3530 581 3596 substitui
605 3531 674 3596 sine
699 3554 827 3597 summa
849 3531 1058 3616 intellegendi
1082 3530 1232 3594 molestia

86 3639 183 3719 atquc
207 3636 285 3700 adeo
309 3637 473 3722 cogitandi
496 3638 726 3723 perversitate„
756 3637 877 3703 Verum
901 3644 967 3704 tuos
989 3661 1056 3703 non
1081 3642 1131 3702 est
1154 3658 1232 3701 sane

88 3740 120 3805 in
149 3740 256 3825 libris,
285 3742 341 3806 sed
369 3765 388 3807 a
411 3741 597 3809 Camerario
626 3745 755 3810 demum
783 3746 932 3811 effectum
960 3748 1010 3810 est
1038 3767 1055 3809 e
1083 3743 1152 3823 uos:
1181 3743 1232 3807 cui

88 3847 143 3911 ubi
177 3848 199 3928 f
226 3847 335 3932 potius
368 3870 466 3932 quam
499 3855 512 3913 t
542 3852 782 3935 praeposueris,
818 3853 921 3917 videri
959 3855 1070 3935 potest
1108 3849 1148 3914 ad
1181 3852 1233 3912 sat

88 3975 239 4042 magnam
263 3955 490 4039 pronominum
513 3958 759 4042 congruentiam
783 3959 888 4024 oratio
912 3958 1050 4024 adducta
1073 3979 1151 4021 esse.
1188 3955 1233 4020 Et

87 4066 196 4127 tamen
224 4084 264 4126 ne
292 4063 354 4127 hoc
382 4063 512 4148 quidem
540 4064 779 4129 concedendum
808 4068 866 4130 est.
917 4065 1003 4130 Nam
1036 4086 1128 4129 amor
1159 4085 1232 4128 cum

87 4169 205 4233 dieitur
228 4191 247 4233 a
270 4191 329 4233 suo
353 4192 387 4234 se
411 4172 547 4235 contutu
569 4171 696 4256 fugare,
724 4171 819 4235 unius
843 4171 974 4237 Amoris
997 4193 1155 4256 personae
1179 4192 1232 4235 co-

88 4275 246 4360 gitatione
274 4277 381 4365 imago
411 4278 515 4343 omnis
543 4278 740 4344 continetur:
768 4301 850 4363 quae
878 4279 935 4344 ubi
962 4279 1002 4343 ad
1032 4279 1112 4344 alias
1140 4301 1231 4363 prae-

14 4379 22 4388 '
88 4385 178 4448 terea
199 4406 354 4467 personas
377 4385 556 4471 porrigitur
579 4390 615 4451 ut
637 4386 746 4471 aliqua
764 4386 1000 4452 necessitudine
1019 4409 1091 4452 cum
1111 4386 1231 4451 Amore

89 4488 287 4574 coniunctas,
309 4492 423 4575 putida
446 4493 483 4557 fit
507 4494 541 4556 et
562 4492 673 4579 inepta
695 4494 905 4578 comparatio.
942 4493 1047 4570 Quare
1067 4516 1137 4559 cum
1161 4516 1232 4560 suos
