<?xml version="1.0" encoding="UTF-8"?>
<!DOCTYPE html PUBLIC "-//W3C//DTD XHTML 1.0 Transitional//EN"
    "http://www.w3.org/TR/xhtml1/DTD/xhtml1-transitional.dtd">
<html xmlns="http://www.w3.org/1999/xhtml" xml:lang="en" lang="en">
 <head>
  <title>
</title>
<meta http-equiv="Content-Type" content="text/html;charset=utf-8" />
  <meta name='ocr-system' content='tesseract 3.04.00' />
  <meta name='ocr-capabilities' content='ocr_page ocr_carea ocr_par ocr_line ocrx_word'/>
</head>
<body>
  <div class='ocr_page' id='page_1' title='image "./fridericiritsch05wachgoog_0690.png"; bbox 0 0 2918 5004; ppageno 0'>
   <div class='ocr_carea' id='block_1_1' title="bbox 431 305 1192 370">
    <p class='ocr_par' dir='ltr' id='par_1_1' title="bbox 431 305 1192 370">
     <span class='ocr_line' id='line_1_1' title="bbox 431 305 1192 370; baseline 0 -2"><span class='ocrx_word' id='word_1_1' title='bbox 431 319 664 370; x_wconf 80' lang='lat' dir='ltr'>uarn1u1scus</span> <span class='ocrx_word' id='word_1_2' title='bbox 688 322 817 369; x_wconf 84' lang='lat' dir='ltr'>annau.</span> <span class='ocrx_word' id='word_1_3' title='bbox 1128 305 1192 369; x_wconf 78' lang='lat'>673</span> 
     </span>
    </p>
   </div>
   <div class='ocr_carea' id='block_1_2' title="bbox 5 464 1279 4395">
    <p class='ocr_par' dir='ltr' id='par_1_2' title="bbox 5 464 1279 4395">
     <span class='ocr_line' id='line_1_2' title="bbox 50 464 1194 549; baseline -0.002 -19"><span class='ocrx_word' id='word_1_4' title='bbox 50 488 121 531; x_wconf 89' lang='lat' dir='ltr'>esse</span> <span class='ocrx_word' id='word_1_5' title='bbox 135 465 337 549; x_wconf 78' lang='lat' dir='ltr'>singulorum</span> <span class='ocrx_word' id='word_1_6' title='bbox 356 464 524 530; x_wconf 90' lang='lat' dir='ltr'>hominum</span> <span class='ocrx_word' id='word_1_7' title='bbox 544 469 668 530; x_wconf 85' lang='lat' dir='ltr'>aetates</span> <span class='ocrx_word' id='word_1_8' title='bbox 686 466 893 531; x_wconf 89' lang='lat' dir='ltr'>incrementis</span> <span class='ocrx_word' id='word_1_9' title='bbox 907 466 974 531; x_wconf 91' lang='lat' dir='ltr'>illis</span> <span class='ocrx_word' id='word_1_10' title='bbox 989 465 1194 549; x_wconf 81' lang='lat' dir='ltr'>assequendis</span> 
     </span>
     <span class='ocr_line' id='line_1_3' title="bbox 51 571 1195 658; baseline -0.004 -20"><span class='ocrx_word' id='word_1_11' title='bbox 51 578 149 658; x_wconf 89' lang='lat' dir='ltr'>atque</span> <span class='ocrx_word' id='word_1_12' title='bbox 169 571 432 656; x_wconf 89' lang='lat' dir='ltr'>complectendis:</span> <span class='ocrx_word' id='word_1_13' title='bbox 457 573 504 637; x_wconf 87' lang='lat' dir='ltr'>ita</span> <span class='ocrx_word' id='word_1_14' title='bbox 523 572 594 637; x_wconf 86' lang='lat' dir='ltr'>fieri</span> <span class='ocrx_word' id='word_1_15' title='bbox 613 576 657 657; x_wconf 91' lang='lat' dir='ltr'>ut,</span> <span class='ocrx_word' id='word_1_16' title='bbox 676 572 751 637; x_wconf 90' lang='lat' dir='ltr'>dum</span> <span class='ocrx_word' id='word_1_17' title='bbox 770 572 930 658; x_wconf 85' lang='lat' dir='ltr'>professio</span> <span class='ocrx_word' id='word_1_18' title='bbox 949 573 1133 637; x_wconf 88' lang='lat' dir='ltr'>litterarum</span> <span class='ocrx_word' id='word_1_19' title='bbox 1152 571 1195 634; x_wconf 92' lang='lat' dir='ltr'>sit</span> 
     </span>
     <span class='ocr_line' id='line_1_4' title="bbox 52 679 1195 764; baseline -0.003 -20"><span class='ocrx_word' id='word_1_20' title='bbox 52 702 150 764; x_wconf 88' lang='lat' dir='ltr'>penes</span> <span class='ocrx_word' id='word_1_21' title='bbox 173 679 329 762; x_wconf 88' lang='lat' dir='ltr'>saniores,</span> <span class='ocrx_word' id='word_1_22' title='bbox 357 699 456 762; x_wconf 91' lang='lat' dir='ltr'>penes</span> <span class='ocrx_word' id='word_1_23' title='bbox 481 679 623 743; x_wconf 89' lang='lat' dir='ltr'>iuniores</span> <span class='ocrx_word' id='word_1_24' title='bbox 654 681 825 744; x_wconf 90' lang='lat' dir='ltr'>earundem</span> <span class='ocrx_word' id='word_1_25' title='bbox 850 679 1049 745; x_wconf 88' lang='lat' dir='ltr'>incrementa</span> <span class='ocrx_word' id='word_1_26' title='bbox 1073 679 1139 743; x_wconf 90' lang='lat' dir='ltr'>sint</span> <span class='ocrx_word' id='word_1_27' title='bbox 1162 680 1195 740; x_wconf 90' lang='lat' dir='ltr'>et</span> 
     </span>
     <span class='ocr_line' id='line_1_5' title="bbox 52 776 1196 870; baseline -0.004 -19"><span class='ocrx_word' id='word_1_28' title='bbox 52 786 272 852; x_wconf 89' lang='lat' dir='ltr'>recentissima</span> <span class='ocrx_word' id='word_1_29' title='bbox 294 807 441 870; x_wconf 89' lang='lat' dir='ltr'>quaeque</span> <span class='ocrx_word' id='word_1_30' title='bbox 464 785 603 850; x_wconf 83' lang='lat' dir='ltr'>inventa.</span> <span class='ocrx_word' id='word_1_31' title='bbox 649 784 734 850; x_wconf 84' lang='lat' dir='ltr'>Huic</span> <span class='ocrx_word' id='word_1_32' title='bbox 758 789 864 851; x_wconf 87' lang='lat' dir='ltr'>autem</span> <span class='ocrx_word' id='word_1_33' title='bbox 889 776 1108 851; x_wconf 73' lang='lat' dir='ltr'>criminationi</span> <span class='ocrx_word' id='word_1_34' title='bbox 1133 784 1196 847; x_wconf 91' lang='lat' dir='ltr'>etsi</span> 
     </span>
     <span class='ocr_line' id='line_1_6' title="bbox 52 890 1197 978; baseline -0.004 -20"><span class='ocrx_word' id='word_1_35' title='bbox 52 894 230 959; x_wconf 81' lang='lat' dir='ltr'>rectissime</span> <span class='ocrx_word' id='word_1_36' title='bbox 263 894 310 958; x_wconf 88' lang='lat' dir='ltr'>ita</span> <span class='ocrx_word' id='word_1_37' title='bbox 342 892 568 976; x_wconf 88' lang='lat' dir='ltr'>respondetur,</span> <span class='ocrx_word' id='word_1_38' title='bbox 602 896 639 956; x_wconf 91' lang='lat' dir='ltr'>ut</span> <span class='ocrx_word' id='word_1_39' title='bbox 670 893 731 957; x_wconf 91' lang='lat' dir='ltr'>hoc</span> <span class='ocrx_word' id='word_1_40' title='bbox 763 893 835 978; x_wconf 93' lang='lat' dir='ltr'>ipso</span> <span class='ocrx_word' id='word_1_41' title='bbox 867 893 1003 958; x_wconf 88' lang='lat' dir='ltr'>consilio</span> <span class='ocrx_word' id='word_1_42' title='bbox 1034 890 1197 976; x_wconf 88' lang='lat' dir='ltr'>privatim,</span> 
     </span>
     <span class='ocr_line' id='line_1_7' title="bbox 54 998 1197 1086; baseline -0.003 -21"><span class='ocrx_word' id='word_1_43' title='bbox 54 1022 118 1065; x_wconf 92' lang='lat' dir='ltr'>non</span> <span class='ocrx_word' id='word_1_44' title='bbox 142 1001 274 1086; x_wconf 89' lang='lat' dir='ltr'>publico</span> <span class='ocrx_word' id='word_1_45' title='bbox 298 999 406 1065; x_wconf 90' lang='lat' dir='ltr'>officio</span> <span class='ocrx_word' id='word_1_46' title='bbox 426 998 610 1064; x_wconf 76' lang='lat' dir='ltr'>docentium</span> <span class='ocrx_word' id='word_1_47' title='bbox 629 1022 747 1064; x_wconf 92' lang='lat' dir='ltr'>munus</span> <span class='ocrx_word' id='word_1_48' title='bbox 767 1022 837 1065; x_wconf 91' lang='lat' dir='ltr'>esse</span> <span class='ocrx_word' id='word_1_49' title='bbox 855 1000 1043 1066; x_wconf 91' lang='lat' dir='ltr'>institutum</span> <span class='ocrx_word' id='word_1_50' title='bbox 1062 999 1197 1081; x_wconf 89' lang='lat' dir='ltr'>dicatur,</span> 
     </span>
     <span class='ocr_line' id='line_1_8' title="bbox 5 1107 1279 1193; baseline 0 -23"><span class='ocrx_word' id='word_1_51' title='bbox 5 1153 8 1158; x_wconf 85' lang='lat'>-</span> <span class='ocrx_word' id='word_1_52' title='bbox 53 1129 93 1171; x_wconf 90' lang='lat' dir='ltr'>ne</span> <span class='ocrx_word' id='word_1_53' title='bbox 123 1113 305 1174; x_wconf 79' lang='lat' dir='ltr'>senesceret</span> <span class='ocrx_word' id='word_1_54' title='bbox 334 1113 430 1193; x_wconf 90' lang='lat' dir='ltr'>atque</span> <span class='ocrx_word' id='word_1_55' title='bbox 459 1107 678 1173; x_wconf 87' lang='lat' dir='ltr'>obsolesceret</span> <span class='ocrx_word' id='word_1_56' title='bbox 705 1110 756 1173; x_wconf 89' lang='lat' dir='ltr'>vel</span> <span class='ocrx_word' id='word_1_57' title='bbox 780 1109 917 1173; x_wconf 89' lang='lat' dir='ltr'>scientia</span> <span class='ocrx_word' id='word_1_58' title='bbox 939 1107 1123 1172; x_wconf 89' lang='lat' dir='ltr'>litterarum</span> <span class='ocrx_word' id='word_1_59' title='bbox 1147 1107 1197 1172; x_wconf 90' lang='lat' dir='ltr'>vel</span> <span class='ocrx_word' id='word_1_60' title='bbox 1277 1111 1279 1117; x_wconf 83' lang='grc'><em>’</em></span> 
     </span>
     <span class='ocr_line' id='line_1_9' title="bbox 54 1214 1198 1300; baseline -0.001 -22"><span class='ocrx_word' id='word_1_61' title='bbox 54 1214 282 1281; x_wconf 88' lang='lat' dir='ltr'>tradendarum</span> <span class='ocrx_word' id='word_1_62' title='bbox 316 1214 663 1300; x_wconf 80' lang='lat' dir='ltr'>propagandarumque</span> <span class='ocrx_word' id='word_1_63' title='bbox 694 1217 779 1281; x_wconf 90' lang='lat' dir='ltr'>ratio</span> <span class='ocrx_word' id='word_1_64' title='bbox 807 1237 844 1281; x_wconf 88' lang='lat' dir='ltr'>ac</span> <span class='ocrx_word' id='word_1_65' title='bbox 869 1214 1053 1300; x_wconf 88' lang='lat' dir='ltr'>disciplina:</span> <span class='ocrx_word' id='word_1_66' title='bbox 1088 1219 1198 1278; x_wconf 89' lang='lat' dir='ltr'>tamen</span> 
     </span>
     <span class='ocr_line' id='line_1_10' title="bbox 54 1321 1197 1407; baseline 0.001 -22"><span class='ocrx_word' id='word_1_67' title='bbox 54 1322 219 1388; x_wconf 90' lang='lat' dir='ltr'>fatendum</span> <span class='ocrx_word' id='word_1_68' title='bbox 250 1326 300 1387; x_wconf 90' lang='lat' dir='ltr'>est</span> <span class='ocrx_word' id='word_1_69' title='bbox 327 1321 379 1386; x_wconf 89' lang='lat' dir='ltr'>vel</span> <span class='ocrx_word' id='word_1_70' title='bbox 403 1322 449 1388; x_wconf 91' lang='lat' dir='ltr'>sic</span> <span class='ocrx_word' id='word_1_71' title='bbox 474 1321 676 1407; x_wconf 87' lang='lat' dir='ltr'>aliquantum</span> <span class='ocrx_word' id='word_1_72' title='bbox 700 1322 741 1388; x_wconf 91' lang='lat' dir='ltr'>ad</span> <span class='ocrx_word' id='word_1_73' title='bbox 763 1323 810 1406; x_wconf 91' lang='lat' dir='ltr'>id,</span> <span class='ocrx_word' id='word_1_74' title='bbox 842 1322 928 1407; x_wconf 91' lang='lat' dir='ltr'>quod</span> <span class='ocrx_word' id='word_1_75' title='bbox 952 1322 996 1386; x_wconf 92' lang='lat' dir='ltr'>sit</span> <span class='ocrx_word' id='word_1_76' title='bbox 1019 1321 1197 1407; x_wconf 87' lang='lat' dir='ltr'>perfectum</span> 
     </span>
     <span class='ocr_line' id='line_1_11' title="bbox 55 1427 1199 1515; baseline -0.003 -22"><span class='ocrx_word' id='word_1_77' title='bbox 55 1429 105 1493; x_wconf 90' lang='lat' dir='ltr'>vel</span> <span class='ocrx_word' id='word_1_78' title='bbox 129 1428 270 1512; x_wconf 84' lang='lat' dir='ltr'>perfecto</span> <span class='ocrx_word' id='word_1_79' title='bbox 294 1428 493 1512; x_wconf 83' lang='lat' dir='ltr'>proximum,</span> <span class='ocrx_word' id='word_1_80' title='bbox 521 1428 706 1493; x_wconf 89' lang='lat' dir='ltr'>desiderari.</span> <span class='ocrx_word' id='word_1_81' title='bbox 751 1427 796 1492; x_wconf 83' lang='lat' dir='ltr'>Et</span> <span class='ocrx_word' id='word_1_82' title='bbox 820 1451 920 1493; x_wconf 91' lang='lat' dir='ltr'>unum</span> <span class='ocrx_word' id='word_1_83' title='bbox 944 1429 1094 1515; x_wconf 84' lang='lat' dir='ltr'>quiddam</span> <span class='ocrx_word' id='word_1_84' title='bbox 1118 1428 1199 1493; x_wconf 90' lang='lat' dir='ltr'>satis</span> 
     </span>
     <span class='ocr_line' id='line_1_12' title="bbox 56 1534 1200 1620; baseline -0.003 -19"><span class='ocrx_word' id='word_1_85' title='bbox 56 1536 161 1602; x_wconf 89' lang='lat' dir='ltr'>habeo</span> <span class='ocrx_word' id='word_1_86' title='bbox 184 1557 249 1600; x_wconf 92' lang='lat' dir='ltr'>uno</span> <span class='ocrx_word' id='word_1_87' title='bbox 272 1535 371 1600; x_wconf 88' lang='lat' dir='ltr'>verbo</span> <span class='ocrx_word' id='word_1_88' title='bbox 396 1536 603 1619; x_wconf 79' lang='lat' dir='ltr'>significasse,</span> <span class='ocrx_word' id='word_1_89' title='bbox 627 1556 691 1620; x_wconf 93' lang='lat' dir='ltr'>quo</span> <span class='ocrx_word' id='word_1_90' title='bbox 715 1534 843 1620; x_wconf 89' lang='lat' dir='ltr'>quidem</span> <span class='ocrx_word' id='word_1_91' title='bbox 862 1535 950 1602; x_wconf 91' lang='lat' dir='ltr'>illius</span> <span class='ocrx_word' id='word_1_92' title='bbox 969 1535 1095 1602; x_wconf 90' lang='lat' dir='ltr'>consilii</span> <span class='ocrx_word' id='word_1_93' title='bbox 1114 1535 1200 1599; x_wconf 90' lang='lat' dir='ltr'>salu-</span> 
     </span>
     <span class='ocr_line' id='line_1_13' title="bbox 55 1641 1199 1728; baseline -0.003 -20"><span class='ocrx_word' id='word_1_94' title='bbox 55 1643 175 1726; x_wconf 90' lang='lat' dir='ltr'>britas,</span> <span class='ocrx_word' id='word_1_95' title='bbox 197 1642 231 1707; x_wconf 92' lang='lat' dir='ltr'>in</span> <span class='ocrx_word' id='word_1_96' title='bbox 254 1662 317 1725; x_wconf 91' lang='lat' dir='ltr'>quo</span> <span class='ocrx_word' id='word_1_97' title='bbox 341 1642 446 1725; x_wconf 81' lang='lat' dir='ltr'>ipsam</span> <span class='ocrx_word' id='word_1_98' title='bbox 471 1643 538 1707; x_wconf 90' lang='lat' dir='ltr'>vim</span> <span class='ocrx_word' id='word_1_99' title='bbox 561 1641 694 1707; x_wconf 89' lang='lat' dir='ltr'>vitalem</span> <span class='ocrx_word' id='word_1_100' title='bbox 718 1642 968 1708; x_wconf 75' lang='lat' dir='ltr'>universitatum</span> <span class='ocrx_word' id='word_1_101' title='bbox 992 1642 1199 1728; x_wconf 90' lang='lat' dir='ltr'>potissimum</span> 
     </span>
     <span class='ocr_line' id='line_1_14' title="bbox 55 1742 1199 1834; baseline -0.001 -21"><span class='ocrx_word' id='word_1_102' title='bbox 55 1771 125 1813; x_wconf 90' lang='lat' dir='ltr'>esse</span> <span class='ocrx_word' id='word_1_103' title='bbox 149 1749 326 1834; x_wconf 80' lang='lat' dir='ltr'>repositam</span> <span class='ocrx_word' id='word_1_104' title='bbox 350 1749 475 1834; x_wconf 88' lang='lat' dir='ltr'>pridem</span> <span class='ocrx_word' id='word_1_105' title='bbox 505 1748 707 1813; x_wconf 89' lang='lat' dir='ltr'>intellectum</span> <span class='ocrx_word' id='word_1_106' title='bbox 731 1752 793 1831; x_wconf 90' lang='lat' dir='ltr'>est,</span> <span class='ocrx_word' id='word_1_107' title='bbox 820 1770 886 1814; x_wconf 91' lang='lat' dir='ltr'>non</span> <span class='ocrx_word' id='word_1_108' title='bbox 910 1749 1113 1815; x_wconf 85' lang='lat' dir='ltr'>mediocriter</span> <span class='ocrx_word' id='word_1_109' title='bbox 1137 1742 1199 1813; x_wconf 88' lang='lat' dir='ltr'>ele·</span> 
     </span>
     <span class='ocr_line' id='line_1_15' title="bbox 57 1855 1200 1941; baseline -0.001 -20"><span class='ocrx_word' id='word_1_110' title='bbox 57 1861 152 1921; x_wconf 89' lang='lat' dir='ltr'>vatur</span> <span class='ocrx_word' id='word_1_111' title='bbox 175 1862 271 1939; x_wconf 88' lang='lat' dir='ltr'>atque</span> <span class='ocrx_word' id='word_1_112' title='bbox 295 1859 496 1920; x_wconf 87' lang='lat' dir='ltr'>attenuatur:</span> <span class='ocrx_word' id='word_1_113' title='bbox 526 1855 588 1920; x_wconf 92' lang='lat' dir='ltr'>hoc</span> <span class='ocrx_word' id='word_1_114' title='bbox 611 1855 700 1940; x_wconf 92' lang='lat' dir='ltr'>dico,</span> <span class='ocrx_word' id='word_1_115' title='bbox 722 1855 809 1940; x_wconf 92' lang='lat' dir='ltr'>quod</span> <span class='ocrx_word' id='word_1_116' title='bbox 833 1856 1019 1922; x_wconf 88' lang='lat' dir='ltr'>etiamnunc</span> <span class='ocrx_word' id='word_1_117' title='bbox 1041 1857 1200 1941; x_wconf 90' lang='lat' dir='ltr'>quaedam</span> 
     </span>
     <span class='ocr_line' id='line_1_16' title="bbox 56 1961 1202 2048; baseline -0.001 -20"><span class='ocrx_word' id='word_1_118' title='bbox 56 1962 241 2028; x_wconf 84' lang='lat' dir='ltr'>docentium</span> <span class='ocrx_word' id='word_1_119' title='bbox 270 1961 400 2027; x_wconf 87' lang='lat' dir='ltr'>scholae</span> <span class='ocrx_word' id='word_1_120' title='bbox 428 1964 517 2044; x_wconf 88' lang='lat' dir='ltr'>sunt,</span> <span class='ocrx_word' id='word_1_121' title='bbox 551 1983 631 2046; x_wconf 87' lang='lat' dir='ltr'>quas</span> <span class='ocrx_word' id='word_1_122' title='bbox 653 1961 854 2046; x_wconf 86' lang='lat' dir='ltr'>frequentari</span> <span class='ocrx_word' id='word_1_123' title='bbox 877 1984 943 2028; x_wconf 91' lang='lat' dir='ltr'>non</span> <span class='ocrx_word' id='word_1_124' title='bbox 966 1963 1056 2048; x_wconf 90' lang='lat' dir='ltr'>optio</span> <span class='ocrx_word' id='word_1_125' title='bbox 1080 1962 1202 2027; x_wconf 90' lang='lat' dir='ltr'>discen·</span> 
     </span>
     <span class='ocr_line' id='line_1_17' title="bbox 57 2067 1202 2155; baseline -0.001 -19"><span class='ocrx_word' id='word_1_126' title='bbox 57 2072 140 2136; x_wconf 89' lang='lat' dir='ltr'>tium</span> <span class='ocrx_word' id='word_1_127' title='bbox 164 2074 197 2134; x_wconf 90' lang='lat' dir='ltr'>et</span> <span class='ocrx_word' id='word_1_128' title='bbox 219 2069 321 2133; x_wconf 88' lang='lat' dir='ltr'>libera</span> <span class='ocrx_word' id='word_1_129' title='bbox 344 2072 505 2152; x_wconf 85' lang='lat' dir='ltr'>potestas,</span> <span class='ocrx_word' id='word_1_130' title='bbox 529 2067 584 2132; x_wconf 89' lang='lat' dir='ltr'>sed</span> <span class='ocrx_word' id='word_1_131' title='bbox 607 2068 690 2154; x_wconf 81' lang='lat' dir='ltr'>legis</span> <span class='ocrx_word' id='word_1_132' title='bbox 713 2069 890 2134; x_wconf 89' lang='lat' dir='ltr'>necessitas</span> <span class='ocrx_word' id='word_1_133' title='bbox 913 2069 1036 2135; x_wconf 91' lang='lat' dir='ltr'>iubeat:</span> <span class='ocrx_word' id='word_1_134' title='bbox 1069 2092 1132 2155; x_wconf 95' lang='lat' dir='ltr'>quo</span> <span class='ocrx_word' id='word_1_135' title='bbox 1155 2071 1202 2134; x_wconf 91' lang='lat' dir='ltr'>in·</span> 
     </span>
     <span class='ocr_line' id='line_1_18' title="bbox 59 2175 1203 2260; baseline -0.003 -17"><span class='ocrx_word' id='word_1_136' title='bbox 59 2179 174 2243; x_wconf 93' lang='lat' dir='ltr'>stituto</span> <span class='ocrx_word' id='word_1_137' title='bbox 208 2175 291 2240; x_wconf 91' lang='lat' dir='ltr'>nihil</span> <span class='ocrx_word' id='word_1_138' title='bbox 323 2179 437 2239; x_wconf 90' lang='lat' dir='ltr'>nostra</span> <span class='ocrx_word' id='word_1_139' title='bbox 470 2175 632 2240; x_wconf 88' lang='lat' dir='ltr'>sententia</span> <span class='ocrx_word' id='word_1_140' title='bbox 665 2175 802 2260; x_wconf 82' lang='lat' dir='ltr'>eogitari</span> <span class='ocrx_word' id='word_1_141' title='bbox 840 2177 1051 2260; x_wconf 89' lang='lat' dir='ltr'>perniciosius</span> <span class='ocrx_word' id='word_1_142' title='bbox 1085 2180 1203 2260; x_wconf 89' lang='lat' dir='ltr'>potest.</span> 
     </span>
     <span class='ocr_line' id='line_1_19' title="bbox 58 2281 1240 2365; baseline -0.002 -15"><span class='ocrx_word' id='word_1_143' title='bbox 58 2285 181 2350; x_wconf 89' lang='lat' dir='ltr'>Verum</span> <span class='ocrx_word' id='word_1_144' title='bbox 204 2281 266 2348; x_wconf 93' lang='lat' dir='ltr'>hoc</span> <span class='ocrx_word' id='word_1_145' title='bbox 290 2285 327 2347; x_wconf 92' lang='lat' dir='ltr'>ut</span> <span class='ocrx_word' id='word_1_146' title='bbox 346 2282 488 2347; x_wconf 87' lang='lat' dir='ltr'>mittam:</span> <span class='ocrx_word' id='word_1_147' title='bbox 512 2302 606 2365; x_wconf 90' lang='lat' dir='ltr'>spero</span> <span class='ocrx_word' id='word_1_148' title='bbox 626 2282 713 2347; x_wconf 88' lang='lat' dir='ltr'>enirn</span> <span class='ocrx_word' id='word_1_149' title='bbox 732 2282 801 2348; x_wconf 90' lang='lat' dir='ltr'>fore</span> <span class='ocrx_word' id='word_1_150' title='bbox 820 2287 857 2348; x_wconf 92' lang='lat' dir='ltr'>ut</span> <span class='ocrx_word' id='word_1_151' title='bbox 876 2283 1009 2349; x_wconf 91' lang='lat' dir='ltr'>abolitis</span> <span class='ocrx_word' id='word_1_152' title='bbox 1029 2288 1097 2348; x_wconf 89' lang='lat' dir='ltr'>tam</span> <span class='ocrx_word' id='word_1_153' title='bbox 1116 2282 1202 2348; x_wconf 90' lang='lat' dir='ltr'>dam·</span> <span class='ocrx_word' id='word_1_154' title='bbox 1233 2343 1240 2358; x_wconf 83' lang='grc'><strong>,</strong></span> 
     </span>
     <span class='ocr_line' id='line_1_20' title="bbox 57 2388 1203 2475; baseline -0.003 -18"><span class='ocrx_word' id='word_1_155' title='bbox 57 2392 149 2457; x_wconf 87' lang='lat' dir='ltr'>nosis</span> <span class='ocrx_word' id='word_1_156' title='bbox 168 2389 296 2475; x_wconf 84' lang='lat' dir='ltr'>legibus</span> <span class='ocrx_word' id='word_1_157' title='bbox 315 2388 491 2473; x_wconf 89' lang='lat' dir='ltr'>aliquando</span> <span class='ocrx_word' id='word_1_158' title='bbox 510 2388 675 2454; x_wconf 88' lang='lat' dir='ltr'>adversm</span> <span class='ocrx_word' id='word_1_159' title='bbox 693 2389 885 2474; x_wconf 84' lang='lat' dir='ltr'>plenamque</span> <span class='ocrx_word' id='word_1_160' title='bbox 904 2390 1089 2455; x_wconf 87' lang='lat' dir='ltr'>libertatem</span> <span class='ocrx_word' id='word_1_161' title='bbox 1104 2390 1203 2454; x_wconf 90' lang='lat' dir='ltr'>etiam</span> 
     </span>
     <span class='ocr_line' id='line_1_21' title="bbox 58 2496 1204 2582; baseline -0.003 -20"><span class='ocrx_word' id='word_1_162' title='bbox 58 2501 93 2563; x_wconf 89' lang='lat' dir='ltr'>in</span> <span class='ocrx_word' id='word_1_163' title='bbox 117 2498 178 2563; x_wconf 93' lang='lat' dir='ltr'>hoc</span> <span class='ocrx_word' id='word_1_164' title='bbox 201 2514 319 2582; x_wconf 87' lang='lat' dir='ltr'>genere</span> <span class='ocrx_word' id='word_1_165' title='bbox 343 2496 569 2578; x_wconf 87' lang='lat' dir='ltr'>perveniamus</span> <span class='ocrx_word' id='word_1_166' title='bbox 589 2496 639 2561; x_wconf 91' lang='lat' dir='ltr'>vel</span> <span class='ocrx_word' id='word_1_167' title='bbox 663 2497 771 2580; x_wconf 91' lang='lat' dir='ltr'>potins</span> <span class='ocrx_word' id='word_1_168' title='bbox 795 2496 975 2562; x_wconf 87' lang='lat' dir='ltr'>redeamus:</span> <span class='ocrx_word' id='word_1_169' title='bbox 999 2496 1085 2561; x_wconf 90' lang='lat' dir='ltr'>idem</span> <span class='ocrx_word' id='word_1_170' title='bbox 1108 2496 1204 2560; x_wconf 89' lang='lat' dir='ltr'>facile</span> 
     </span>
     <span class='ocr_line' id='line_1_22' title="bbox 57 2603 1205 2690; baseline -0.003 -20"><span class='ocrx_word' id='word_1_171' title='bbox 57 2604 185 2690; x_wconf 81' lang='lat' dir='ltr'>largior</span> <span class='ocrx_word' id='word_1_172' title='bbox 206 2625 246 2668; x_wconf 92' lang='lat' dir='ltr'>ne</span> <span class='ocrx_word' id='word_1_173' title='bbox 271 2603 317 2668; x_wconf 92' lang='lat' dir='ltr'>sic</span> <span class='ocrx_word' id='word_1_174' title='bbox 341 2603 470 2688; x_wconf 89' lang='lat' dir='ltr'>quidem</span> <span class='ocrx_word' id='word_1_175' title='bbox 495 2604 692 2668; x_wconf 88' lang='lat' dir='ltr'>senescentis</span> <span class='ocrx_word' id='word_1_176' title='bbox 716 2608 750 2668; x_wconf 89' lang='lat' dir='ltr'>et</span> <span class='ocrx_word' id='word_1_177' title='bbox 773 2603 1006 2669; x_wconf 90' lang='lat' dir='ltr'>obsolescentis</span> <span class='ocrx_word' id='word_1_178' title='bbox 1025 2604 1060 2667; x_wconf 92' lang='lat' dir='ltr'>in</span> <span class='ocrx_word' id='word_1_179' title='bbox 1079 2603 1205 2668; x_wconf 90' lang='lat' dir='ltr'>univer-</span> 
     </span>
     <span class='ocr_line' id='line_1_23' title="bbox 59 2709 1206 2777; baseline -0.002 -1"><span class='ocrx_word' id='word_1_180' title='bbox 59 2711 214 2777; x_wconf 84' lang='lat' dir='ltr'>sitatibus</span> <span class='ocrx_word' id='word_1_181' title='bbox 246 2710 368 2776; x_wconf 90' lang='lat' dir='ltr'>nostris</span> <span class='ocrx_word' id='word_1_182' title='bbox 401 2710 453 2775; x_wconf 88' lang='lat' dir='ltr'>vel</span> <span class='ocrx_word' id='word_1_183' title='bbox 487 2710 643 2775; x_wconf 90' lang='lat' dir='ltr'>scientiae</span> <span class='ocrx_word' id='word_1_184' title='bbox 676 2712 727 2774; x_wconf 90' lang='lat' dir='ltr'>vel</span> <span class='ocrx_word' id='word_1_185' title='bbox 761 2710 978 2775; x_wconf 86' lang='lat' dir='ltr'>institutionis</span> <span class='ocrx_word' id='word_1_186' title='bbox 1012 2709 1206 2775; x_wconf 90' lang='lat' dir='ltr'>detrimenta</span> 
     </span>
     <span class='ocr_line' id='line_1_24' title="bbox 60 2816 1206 2902; baseline -0.003 -19"><span class='ocrx_word' id='word_1_187' title='bbox 60 2820 141 2883; x_wconf 86' lang='lat' dir='ltr'>satis</span> <span class='ocrx_word' id='word_1_188' title='bbox 164 2817 206 2882; x_wconf 97' lang='lat' dir='ltr'>ab</span> <span class='ocrx_word' id='word_1_189' title='bbox 230 2818 319 2883; x_wconf 92' lang='lat' dir='ltr'>omni</span> <span class='ocrx_word' id='word_1_190' title='bbox 343 2820 445 2901; x_wconf 89' lang='lat' dir='ltr'>parte,</span> <span class='ocrx_word' id='word_1_191' title='bbox 467 2821 504 2882; x_wconf 91' lang='lat' dir='ltr'>ut</span> <span class='ocrx_word' id='word_1_192' title='bbox 528 2838 614 2882; x_wconf 92' lang='lat' dir='ltr'>nunc</span> <span class='ocrx_word' id='word_1_193' title='bbox 637 2839 689 2881; x_wconf 90' lang='lat' dir='ltr'>res</span> <span class='ocrx_word' id='word_1_194' title='bbox 710 2822 768 2901; x_wconf 90' lang='lat' dir='ltr'>est,</span> <span class='ocrx_word' id='word_1_195' title='bbox 792 2816 1003 2900; x_wconf 85' lang='lat' dir='ltr'>compensari,</span> <span class='ocrx_word' id='word_1_196' title='bbox 1026 2817 1121 2902; x_wconf 91' lang='lat' dir='ltr'>idque</span> <span class='ocrx_word' id='word_1_197' title='bbox 1140 2838 1206 2881; x_wconf 90' lang='lat' dir='ltr'>non</span> 
     </span>
     <span class='ocr_line' id='line_1_25' title="bbox 60 2922 1206 3009; baseline -0.005 -19"><span class='ocrx_word' id='word_1_198' title='bbox 60 2947 158 2990; x_wconf 90' lang='lat' dir='ltr'>unam</span> <span class='ocrx_word' id='word_1_199' title='bbox 187 2924 229 2989; x_wconf 93' lang='lat' dir='ltr'>ob</span> <span class='ocrx_word' id='word_1_200' title='bbox 258 2945 416 2989; x_wconf 88' lang='lat' dir='ltr'>caussam.</span> <span class='ocrx_word' id='word_1_201' title='bbox 461 2923 538 2988; x_wconf 84' lang='lat' dir='ltr'>Dixi</span> <span class='ocrx_word' id='word_1_202' title='bbox 566 2924 605 2989; x_wconf 92' lang='lat' dir='ltr'>de</span> <span class='ocrx_word' id='word_1_203' title='bbox 629 2924 810 2990; x_wconf 88' lang='lat' dir='ltr'>litterarum</span> <span class='ocrx_word' id='word_1_204' title='bbox 835 2925 1057 3009; x_wconf 76' lang='lat' dir='ltr'>incrementis,</span> <span class='ocrx_word' id='word_1_205' title='bbox 1089 2922 1206 3007; x_wconf 92' lang='lat' dir='ltr'>quibus</span> 
     </span>
     <span class='ocr_line' id='line_1_26' title="bbox 60 3027 1206 3117; baseline -0.002 -21"><span class='ocrx_word' id='word_1_206' title='bbox 60 3027 275 3117; x_wconf 84' lang='lat' dir='ltr'>exsequendis</span> <span class='ocrx_word' id='word_1_207' title='bbox 303 3052 367 3095; x_wconf 89' lang='lat' dir='ltr'>non</span> <span class='ocrx_word' id='word_1_208' title='bbox 396 3053 455 3115; x_wconf 90' lang='lat' dir='ltr'>par</span> <span class='ocrx_word' id='word_1_209' title='bbox 484 3031 527 3096; x_wconf 87' lang='lat' dir='ltr'>sit</span> <span class='ocrx_word' id='word_1_210' title='bbox 555 3031 757 3116; x_wconf 79' lang='lat' dir='ltr'>singulorum</span> <span class='ocrx_word' id='word_1_211' title='bbox 785 3031 909 3098; x_wconf 90' lang='lat' dir='ltr'>indoles</span> <span class='ocrx_word' id='word_1_212' title='bbox 938 3032 1037 3096; x_wconf 89' lang='lat' dir='ltr'>etiam</span> <span class='ocrx_word' id='word_1_213' title='bbox 1065 3052 1131 3096; x_wconf 89' lang='lat' dir='ltr'>non</span> <span class='ocrx_word' id='word_1_214' title='bbox 1154 3029 1206 3094; x_wconf 91' lang='lat' dir='ltr'>de·</span> 
     </span>
     <span class='ocr_line' id='line_1_27' title="bbox 61 3135 1208 3223; baseline -0.004 -19"><span class='ocrx_word' id='word_1_215' title='bbox 61 3159 222 3204; x_wconf 89' lang='lat' dir='ltr'>crescens:</span> <span class='ocrx_word' id='word_1_216' title='bbox 246 3135 352 3201; x_wconf 87' lang='lat' dir='ltr'>dicam</span> <span class='ocrx_word' id='word_1_217' title='bbox 376 3158 462 3202; x_wconf 89' lang='lat' dir='ltr'>nunc</span> <span class='ocrx_word' id='word_1_218' title='bbox 485 3137 525 3202; x_wconf 91' lang='lat' dir='ltr'>de</span> <span class='ocrx_word' id='word_1_219' title='bbox 543 3138 662 3203; x_wconf 91' lang='lat' dir='ltr'>indolis</span> <span class='ocrx_word' id='word_1_220' title='bbox 681 3138 894 3223; x_wconf 88' lang='lat' dir='ltr'>decremento,</span> <span class='ocrx_word' id='word_1_221' title='bbox 916 3161 976 3205; x_wconf 91' lang='lat' dir='ltr'>nec</span> <span class='ocrx_word' id='word_1_222' title='bbox 994 3138 1106 3204; x_wconf 91' lang='lat' dir='ltr'>celabo</span> <span class='ocrx_word' id='word_1_223' title='bbox 1126 3156 1208 3221; x_wconf 87' lang='lat' dir='ltr'>quae</span> 
     </span>
     <span class='ocr_line' id='line_1_28' title="bbox 62 3243 1208 3330; baseline -0.005 -19"><span class='ocrx_word' id='word_1_224' title='bbox 62 3267 134 3311; x_wconf 89' lang='lat' dir='ltr'>esse</span> <span class='ocrx_word' id='word_1_225' title='bbox 158 3266 235 3309; x_wconf 86' lang='lat' dir='ltr'>vera</span> <span class='ocrx_word' id='word_1_226' title='bbox 258 3243 495 3309; x_wconf 87' lang='lat' dir='ltr'>concedendum</span> <span class='ocrx_word' id='word_1_227' title='bbox 520 3245 577 3328; x_wconf 92' lang='lat' dir='ltr'>sit,</span> <span class='ocrx_word' id='word_1_228' title='bbox 600 3267 665 3311; x_wconf 92' lang='lat' dir='ltr'>non</span> <span class='ocrx_word' id='word_1_229' title='bbox 688 3245 837 3329; x_wconf 87' lang='lat' dir='ltr'>pudenda</span> <span class='ocrx_word' id='word_1_230' title='bbox 859 3250 984 3328; x_wconf 89' lang='lat' dir='ltr'>tamen,</span> <span class='ocrx_word' id='word_1_231' title='bbox 1008 3245 1083 3330; x_wconf 90' lang='lat' dir='ltr'>quia</span> <span class='ocrx_word' id='word_1_232' title='bbox 1107 3243 1208 3329; x_wconf 92' lang='lat' dir='ltr'>ipsius</span> 
     </span>
     <span class='ocr_line' id='line_1_29' title="bbox 61 3349 1208 3418; baseline -0.005 0"><span class='ocrx_word' id='word_1_233' title='bbox 61 3353 225 3418; x_wconf 91' lang='lat' dir='ltr'>humanae</span> <span class='ocrx_word' id='word_1_234' title='bbox 247 3354 383 3416; x_wconf 88' lang='lat' dir='ltr'>naturae</span> <span class='ocrx_word' id='word_1_235' title='bbox 407 3352 475 3416; x_wconf 90' lang='lat' dir='ltr'>sive</span> <span class='ocrx_word' id='word_1_236' title='bbox 499 3352 693 3417; x_wconf 87' lang='lat' dir='ltr'>necessitate</span> <span class='ocrx_word' id='word_1_237' title='bbox 717 3353 787 3417; x_wconf 91' lang='lat' dir='ltr'>sive</span> <span class='ocrx_word' id='word_1_238' title='bbox 811 3352 891 3417; x_wconf 90' lang='lat' dir='ltr'>vitio</span> <span class='ocrx_word' id='word_1_239' title='bbox 915 3353 1005 3417; x_wconf 90' lang='lat' dir='ltr'>fiunt.</span> <span class='ocrx_word' id='word_1_240' title='bbox 1037 3349 1105 3416; x_wconf 91' lang='lat' dir='ltr'>Nec</span> <span class='ocrx_word' id='word_1_241' title='bbox 1124 3350 1208 3413; x_wconf 89' lang='lat' dir='ltr'>enim</span> 
     </span>
     <span class='ocr_line' id='line_1_30' title="bbox 63 3456 1210 3545; baseline -0.003 -21"><span class='ocrx_word' id='word_1_242' title='bbox 63 3461 166 3524; x_wconf 91' lang='lat' dir='ltr'>vires</span> <span class='ocrx_word' id='word_1_243' title='bbox 189 3461 316 3523; x_wconf 88' lang='lat' dir='ltr'>tantum</span> <span class='ocrx_word' id='word_1_244' title='bbox 341 3457 459 3522; x_wconf 88' lang='lat' dir='ltr'>mentis</span> <span class='ocrx_word' id='word_1_245' title='bbox 483 3458 517 3522; x_wconf 92' lang='lat' dir='ltr'>in</span> <span class='ocrx_word' id='word_1_246' title='bbox 540 3462 732 3524; x_wconf 87' lang='lat' dir='ltr'>senescente</span> <span class='ocrx_word' id='word_1_247' title='bbox 755 3481 888 3545; x_wconf 90' lang='lat' dir='ltr'>corpore</span> <span class='ocrx_word' id='word_1_248' title='bbox 912 3462 1131 3541; x_wconf 90' lang='lat' dir='ltr'>marcescunt,</span> <span class='ocrx_word' id='word_1_249' title='bbox 1155 3456 1210 3521; x_wconf 91' lang='lat' dir='ltr'>sed</span> 
     </span>
     <span class='ocr_line' id='line_1_31' title="bbox 62 3565 1211 3650; baseline -0.005 -18"><span class='ocrx_word' id='word_1_250' title='bbox 62 3567 95 3632; x_wconf 87' lang='lat' dir='ltr'>vi</span> <span class='ocrx_word' id='word_1_251' title='bbox 124 3565 368 3631; x_wconf 89' lang='lat' dir='ltr'>consuetudinis</span> <span class='ocrx_word' id='word_1_252' title='bbox 393 3565 542 3630; x_wconf 90' lang='lat' dir='ltr'>voluntas</span> <span class='ocrx_word' id='word_1_253' title='bbox 572 3586 700 3650; x_wconf 89' lang='lat' dir='ltr'>quoque</span> <span class='ocrx_word' id='word_1_254' title='bbox 730 3565 912 3650; x_wconf 80' lang='lat' dir='ltr'>languescit</span> <span class='ocrx_word' id='word_1_255' title='bbox 940 3570 973 3630; x_wconf 90' lang='lat' dir='ltr'>et</span> <span class='ocrx_word' id='word_1_256' title='bbox 1004 3568 1092 3630; x_wconf 89' lang='lat' dir='ltr'>carta</span> <span class='ocrx_word' id='word_1_257' title='bbox 1116 3585 1211 3648; x_wconf 89' lang='lat' dir='ltr'>quae·</span> 
     </span>
     <span class='ocr_line' id='line_1_32' title="bbox 63 3670 1210 3757; baseline -0.003 -19"><span class='ocrx_word' id='word_1_258' title='bbox 63 3674 140 3738; x_wconf 87' lang='lat' dir='ltr'>dam</span> <span class='ocrx_word' id='word_1_259' title='bbox 170 3671 308 3738; x_wconf 82' lang='lat' dir='ltr'>facultas</span> <span class='ocrx_word' id='word_1_260' title='bbox 338 3694 438 3757; x_wconf 88' lang='lat' dir='ltr'>eaque</span> <span class='ocrx_word' id='word_1_261' title='bbox 469 3672 509 3737; x_wconf 93' lang='lat' dir='ltr'>ad</span> <span class='ocrx_word' id='word_1_262' title='bbox 540 3672 704 3737; x_wconf 84' lang='lat' dir='ltr'>fructuose</span> <span class='ocrx_word' id='word_1_263' title='bbox 734 3672 911 3737; x_wconf 91' lang='lat' dir='ltr'>docendum</span> <span class='ocrx_word' id='word_1_264' title='bbox 942 3672 1135 3756; x_wconf 80' lang='lat' dir='ltr'>gravissima</span> <span class='ocrx_word' id='word_1_265' title='bbox 1158 3670 1210 3735; x_wconf 92' lang='lat' dir='ltr'>hc·</span> 
     </span>
     <span class='ocr_line' id='line_1_33' title="bbox 63 3775 1208 3864; baseline -0.003 -19"><span class='ocrx_word' id='word_1_266' title='bbox 63 3779 177 3845; x_wconf 89' lang='lat' dir='ltr'>bescit.</span> <span class='ocrx_word' id='word_1_267' title='bbox 223 3775 269 3841; x_wconf 82' lang='lat' dir='ltr'>Et</span> <span class='ocrx_word' id='word_1_268' title='bbox 291 3776 371 3842; x_wconf 89' lang='lat' dir='ltr'>hacc</span> <span class='ocrx_word' id='word_1_269' title='bbox 394 3779 523 3864; x_wconf 91' lang='lat' dir='ltr'>quidem</span> <span class='ocrx_word' id='word_1_270' title='bbox 546 3779 687 3844; x_wconf 83' lang='lat' dir='ltr'>facultas</span> <span class='ocrx_word' id='word_1_271' title='bbox 711 3779 745 3843; x_wconf 89' lang='lat' dir='ltr'>in</span> <span class='ocrx_word' id='word_1_272' title='bbox 769 3799 807 3842; x_wconf 91' lang='lat' dir='ltr'>eo</span> <span class='ocrx_word' id='word_1_273' title='bbox 831 3779 985 3861; x_wconf 91' lang='lat' dir='ltr'>cernitur,</span> <span class='ocrx_word' id='word_1_274' title='bbox 1014 3776 1115 3863; x_wconf 92' lang='lat' dir='ltr'>quod,</span> <span class='ocrx_word' id='word_1_275' title='bbox 1145 3797 1208 3861; x_wconf 90' lang='lat' dir='ltr'>quo</span> 
     </span>
     <span class='ocr_line' id='line_1_34' title="bbox 64 3884 1261 3972; baseline -0.004 -21"><span class='ocrx_word' id='word_1_276' title='bbox 64 3885 284 3972; x_wconf 84' lang='lat' dir='ltr'>provectiores</span> <span class='ocrx_word' id='word_1_277' title='bbox 304 3886 412 3949; x_wconf 86' lang='lat' dir='ltr'>aetate</span> <span class='ocrx_word' id='word_1_278' title='bbox 431 3886 608 3951; x_wconf 90' lang='lat' dir='ltr'>iuventutis</span> <span class='ocrx_word' id='word_1_279' title='bbox 628 3886 776 3950; x_wconf 89' lang='lat' dir='ltr'>doctores</span> <span class='ocrx_word' id='word_1_280' title='bbox 796 3884 973 3969; x_wconf 86' lang='lat' dir='ltr'>evadimus,</span> <span class='ocrx_word' id='word_1_281' title='bbox 995 3907 1033 3949; x_wconf 89' lang='lat' dir='ltr'>eo</span> <span class='ocrx_word' id='word_1_282' title='bbox 1053 3884 1115 3948; x_wconf 91' lang='lat' dir='ltr'>etsi</span> <span class='ocrx_word' id='word_1_283' title='bbox 1135 3904 1213 3946; x_wconf 91' lang='lat' dir='ltr'>sane</span> <span class='ocrx_word' id='word_1_284' title='bbox 1228 3907 1261 3947; x_wconf 90' lang='lat' dir='ltr'>v1</span> 
     </span>
     <span class='ocr_line' id='line_1_35' title="bbox 57 3989 1214 4075; baseline -0.003 -18"><span class='ocrx_word' id='word_1_285' title='bbox 57 3991 260 4057; x_wconf 72' lang='lat' dir='ltr'>&#39;maturiores</span> <span class='ocrx_word' id='word_1_286' title='bbox 289 3990 489 4075; x_wconf 81' lang='lat' dir='ltr'>exsistimus,</span> <span class='ocrx_word' id='word_1_287' title='bbox 513 3992 609 4057; x_wconf 93' lang='lat' dir='ltr'>simul</span> <span class='ocrx_word' id='word_1_288' title='bbox 632 3995 741 4057; x_wconf 92' lang='lat' dir='ltr'>tamen</span> <span class='ocrx_word' id='word_1_289' title='bbox 764 4013 831 4056; x_wconf 90' lang='lat' dir='ltr'>non</span> <span class='ocrx_word' id='word_1_290' title='bbox 854 4013 1026 4075; x_wconf 90' lang='lat' dir='ltr'>possumus</span> <span class='ocrx_word' id='word_1_291' title='bbox 1049 4012 1114 4056; x_wconf 90' lang='lat' dir='ltr'>non</span> <span class='ocrx_word' id='word_1_292' title='bbox 1139 3989 1214 4054; x_wconf 91' lang='lat' dir='ltr'>alie·</span> 
     </span>
     <span class='ocr_line' id='line_1_36' title="bbox 64 4095 1214 4184; baseline -0.002 -22"><span class='ocrx_word' id='word_1_293' title='bbox 64 4098 175 4162; x_wconf 90' lang='lat' dir='ltr'>niores</span> <span class='ocrx_word' id='word_1_294' title='bbox 199 4096 240 4161; x_wconf 92' lang='lat' dir='ltr'>ab</span> <span class='ocrx_word' id='word_1_295' title='bbox 264 4096 336 4179; x_wconf 88' lang='lat' dir='ltr'>ipsa</span> <span class='ocrx_word' id='word_1_296' title='bbox 353 4095 461 4161; x_wconf 89' lang='lat' dir='ltr'>indole</span> <span class='ocrx_word' id='word_1_297' title='bbox 480 4097 660 4164; x_wconf 90' lang='lat' dir='ltr'>iuventutis</span> <span class='ocrx_word' id='word_1_298' title='bbox 683 4098 767 4164; x_wconf 91' lang='lat' dir='ltr'>fieri:</span> <span class='ocrx_word' id='word_1_299' title='bbox 791 4101 904 4163; x_wconf 88' lang='lat' dir='ltr'>contra</span> <span class='ocrx_word' id='word_1_300' title='bbox 927 4121 989 4184; x_wconf 92' lang='lat' dir='ltr'>quo</span> <span class='ocrx_word' id='word_1_301' title='bbox 1011 4099 1144 4183; x_wconf 88' lang='lat' dir='ltr'>propior</span> <span class='ocrx_word' id='word_1_302' title='bbox 1167 4097 1214 4160; x_wconf 91' lang='lat' dir='ltr'>iu·</span> 
     </span>
     <span class='ocr_line' id='line_1_37' title="bbox 66 4203 1214 4287; baseline -0.003 -18"><span class='ocrx_word' id='word_1_303' title='bbox 66 4203 168 4269; x_wconf 91' lang='lat' dir='ltr'>venili</span> <span class='ocrx_word' id='word_1_304' title='bbox 191 4206 306 4268; x_wconf 91' lang='lat' dir='ltr'>nostra</span> <span class='ocrx_word' id='word_1_305' title='bbox 330 4206 419 4269; x_wconf 87' lang='lat' dir='ltr'>aetas</span> <span class='ocrx_word' id='word_1_306' title='bbox 443 4206 502 4287; x_wconf 90' lang='lat' dir='ltr'>est,</span> <span class='ocrx_word' id='word_1_307' title='bbox 526 4225 564 4268; x_wconf 91' lang='lat' dir='ltr'>eo</span> <span class='ocrx_word' id='word_1_308' title='bbox 584 4208 616 4268; x_wconf 91' lang='lat' dir='ltr'>et</span> <span class='ocrx_word' id='word_1_309' title='bbox 634 4204 760 4270; x_wconf 87' lang='lat' dir='ltr'>facilius</span> <span class='ocrx_word' id='word_1_310' title='bbox 781 4210 814 4270; x_wconf 92' lang='lat' dir='ltr'>et</span> <span class='ocrx_word' id='word_1_311' title='bbox 833 4205 995 4271; x_wconf 84' lang='lat' dir='ltr'>efficacius</span> <span class='ocrx_word' id='word_1_312' title='bbox 1016 4205 1056 4270; x_wconf 89' lang='lat' dir='ltr'>ad</span> <span class='ocrx_word' id='word_1_313' title='bbox 1074 4203 1214 4269; x_wconf 89' lang='lat' dir='ltr'>iuvenile</span> 
     </span>
     <span class='ocr_line' id='line_1_38' title="bbox 66 4310 1214 4395; baseline -0.003 -20"><span class='ocrx_word' id='word_1_314' title='bbox 66 4314 217 4377; x_wconf 89' lang='lat' dir='ltr'>nostrum</span> <span class='ocrx_word' id='word_1_315' title='bbox 242 4311 409 4394; x_wconf 83' lang='lat' dir='ltr'>ingenium</span> <span class='ocrx_word' id='word_1_316' title='bbox 433 4310 715 4376; x_wconf 81' lang='lat' dir='ltr'>accommodamus</span> <span class='ocrx_word' id='word_1_317' title='bbox 739 4316 772 4376; x_wconf 91' lang='lat' dir='ltr'>et</span> <span class='ocrx_word' id='word_1_318' title='bbox 790 4317 958 4395; x_wconf 88' lang='lat' dir='ltr'>tamquam</span> <span class='ocrx_word' id='word_1_319' title='bbox 977 4311 1214 4393; x_wconf 88' lang='lat' dir='ltr'>assimulamus,</span> 
     </span>
    </p>
   </div>
   <div class='ocr_carea' id='block_1_3' title="bbox 66 4416 1215 4589">
    <p class='ocr_par' dir='ltr' id='par_1_3' title="bbox 66 4416 1215 4589">
     <span class='ocr_line' id='line_1_39' title="bbox 66 4416 1215 4502; baseline 0 -21"><span class='ocrx_word' id='word_1_320' title='bbox 66 4439 133 4501; x_wconf 90' lang='lat' dir='ltr'>quo</span> <span class='ocrx_word' id='word_1_321' title='bbox 156 4416 195 4480; x_wconf 90' lang='lat' dir='ltr'>fit</span> <span class='ocrx_word' id='word_1_322' title='bbox 217 4420 255 4481; x_wconf 92' lang='lat' dir='ltr'>ut</span> <span class='ocrx_word' id='word_1_323' title='bbox 274 4416 342 4502; x_wconf 72' lang='lat' dir='ltr'>&#39;ipsi</span> <span class='ocrx_word' id='word_1_324' title='bbox 365 4417 517 4482; x_wconf 90' lang='lat' dir='ltr'>iuvenum</span> <span class='ocrx_word' id='word_1_325' title='bbox 547 4418 645 4482; x_wconf 89' lang='lat' dir='ltr'>saluti</span> <span class='ocrx_word' id='word_1_326' title='bbox 670 4419 788 4482; x_wconf 89' lang='lat' dir='ltr'>rectius</span> <span class='ocrx_word' id='word_1_327' title='bbox 811 4418 1028 4482; x_wconf 88' lang='lat' dir='ltr'>consulamus.</span> <span class='ocrx_word' id='word_1_328' title='bbox 1075 4417 1215 4482; x_wconf 91' lang='lat' dir='ltr'>Invidio-</span> 
     </span>
     <span class='ocr_line' id='line_1_40' title="bbox 120 4524 1030 4589; baseline -0.001 -15"><span class='ocrx_word' id='word_1_329' title='bbox 120 4540 163 4574; x_wconf 74' lang='lat' dir='ltr'>sa.</span> <span class='ocrx_word' id='word_1_330' title='bbox 180 4539 335 4589; x_wconf 74' lang='lat' dir='ltr'>prrscusau</span> <span class='ocrx_word' id='word_1_331' title='bbox 356 4539 494 4575; x_wconf 76' lang='lat' dir='ltr'>oevscvaa</span> <span class='ocrx_word' id='word_1_332' title='bbox 516 4541 540 4574; x_wconf 87' lang='lat' dir='ltr'>v.</span> <span class='ocrx_word' id='word_1_333' title='bbox 970 4526 1003 4573; x_wconf 85' lang='lat'>43</span> <span class='ocrx_word' id='word_1_334' title='bbox 1027 4524 1030 4529; x_wconf 82' lang='grc'><strong><em>’</em></strong></span> 
     </span>
    </p>
   </div>
   <div class='ocr_carea' id='block_1_4' title="bbox 0 0 1485 5004">
    <p class='ocr_par' dir='ltr' id='par_1_4' title="bbox 0 0 1485 5004">
     <span class='ocr_line' id='line_1_41' title="bbox 0 0 1485 5004; baseline 0 0"><span class='ocrx_word' id='word_1_335' title='bbox 0 0 1485 5004; x_wconf 95' lang='lat' dir='ltr'> </span> 
     </span>
    </p>
   </div>
  </div>
 </body>
</html>
