2940 5004
422 364 683 412 usruuusrrours
709 366 914 412 resvrrusa.
1027 363 1028 366 ’
1175 351 1238 414 517

175 506 220 570 Et
249 510 376 571 tantum
407 506 535 591 quidem
566 508 605 572 de
635 508 696 573 his.
741 508 855 593 Neque
889 509 975 574 enim
1008 511 1057 574 vel
1089 510 1129 575 ad
1160 533 1238 575 ana·

85 612 230 698 paestica
252 616 356 677 metra
373 635 459 678 nunc
477 614 653 698 exspatiari
672 614 761 698 libet,
784 638 804 679 a
826 615 944 699 quibus
962 616 1045 681 nibil
1064 618 1132 682 fere
1150 624 1226 684 ante
1252 642 1363 685 ccxcrv

87 720 266 803 explicatae
290 721 441 785 licentiae
460 721 602 786 alienum
621 721 691 803 fuit,
715 721 765 786 vel
786 722 827 787 ad
846 721 1004 788 iambicos
1024 726 1236 810 septenarios,
1363 801 1365 805 ,

86 848 222 910 quorum
251 827 304 891 vix
332 827 439 892 minor
467 832 573 912 quam*
594 829 794 894 senariorum
823 829 1123 916 trochaicorumque
1148 853 1235 898 seve-

85 933 179 998 ritas:
203 954 276 998 cum
300 934 446 1000 neutrius
470 935 597 1020 generis
622 937 768 1020 exempla
792 936 1001 1001 Trinummus
1024 941 1177 1021 praestet.

532 1256 644 1306 cnevr
668 1238 790 1305 XVIII.

174 1381 284 1466 Plana,
308 1382 469 1466 simplicia
492 1387 526 1447 et
548 1387 662 1467 aperta
684 1405 754 1448 esse
778 1384 932 1469 pleraque
952 1385 1158 1452 intellectum
1177 1392 1236 1472 est,

85 1491 173 1571 puto,
197 1510 278 1572 quae
301 1489 464 1574 plerisque
489 1490 640 1554 omnibus
664 1489 811 1574 obscura,
834 1491 988 1576 perplexa
1012 1497 1046 1556 et
1067 1494 1236 1560 recondita

85 1593 187 1659 videri
220 1596 339 1679 solent,
377 1597 549 1682 legumque
582 1596 775 1663 certitudine
809 1599 893 1683 regi,
926 1621 1008 1683 quae
1041 1600 1235 1683 quibusdam

84 1702 197 1787 vagari
221 1703 290 1767 sine
314 1703 452 1768 ratione:
475 1726 575 1768 unum
599 1725 701 1789 genus
724 1707 836 1788 restat,
860 1705 946 1788 quod
970 1710 1003 1770 ct
1026 1706 1234 1789 impeditissi-

84 1831 173 1873 mum
204 1813 236 1874 et
264 1810 375 1874 multis
406 1810 509 1874 modis
539 1810 730 1895 ambiguum
760 1834 831 1876 esse
855 1811 916 1895 ipsi
947 1811 1119 1876 fateamur:
1149 1817 1234 1900 quod

83 1916 211 2000 quidem
235 1916 476 1982 canticorum
500 1919 785 2002 compositione
809 1919 1000 1984 continetur.
1047 1917 1146 1985 Cuius
1170 1921 1233 1987 loci

84 2026 176 2088 tanta
204 2024 335 2088 ubertas
367 2028 416 2088 est
445 2027 576 2109 tamque
608 2047 708 2110 prope
740 2025 978 2109 inexplicabilis
1009 2027 1164 2111 varietas,
1197 2032 1249 2098 ut.

82 2130 212 2214 ineptus
249 2131 293 2195 sit
324 2131 380 2215 qui
411 2132 582 2216 complecti
618 2132 729 2215 paucis
762 2133 901 2218 pagellis
934 2133 1022 2198 velit.
1073 2131 1112 2198 ln
1142 2134 1232 2199 nulla

83 2242 192 2303 autem
216 2242 310 2322 parte
333 2240 568 2305 emendationis
592 2239 764 2320 Plautinae
786 2261 838 2305 me
862 2240 966 2305 indice
990 2240 1110 2306 clarius
1133 2265 1232 2326 quam

82 2344 117 2409 in
139 2345 201 2410 hac
224 2345 458 2412 Hermanniani
482 2347 606 2431 ingenii
629 2348 867 2412 admirabilitas
891 2347 1102 2431 exsplenduit.
1144 2348 1230 2414 Nam

83 2475 156 2517 cum
174 2453 246 2537 ipsa
265 2453 390 2518 cantica
410 2453 563 2518 Plautina
581 2458 614 2519 et
632 2459 816 2539 temporum
836 2455 956 2519 iniuria
974 2459 1007 2519 ct
1024 2455 1232 2540 neglegentia

82 2559 300 2643 librariorum,
319 2560 458 2625 fortasse
477 2562 588 2646 aliqua
607 2584 644 2625 ex
664 2567 767 2647 parte,
786 2567 822 2626 ut
839 2586 868 2647 p.
885 2562 1092 2646 nxv11[325]
1109 2561 1230 2647 signifi·

82 2667 163 2752 cavi,
178 2667 278 2731 etiam
292 2666 477 2732 criticorum
492 2668 625 2733 licentia
639 2669 742 2734 multo
758 2691 856 2753 quam
872 2673 997 2734 ceterae
1015 2674 1125 2753 partes
1139 2668 1230 2753 peius

81 2773 196 2838 habita
220 2773 294 2858 sint,
317 2774 365 2838 ita
388 2778 424 2838 ut
448 2773 517 2838 ‘aut
539 2776 664 2841 intacta
688 2777 880 2861 relinquere,
905 2799 987 2861 quae
1007 2779 1117 2861 aperte
1137 2776 1231 2841 aliter

82 2903 102 2945 a
128 2879 244 2945 Plauto
273 2880 394 2963 scripta
426 2881 574 2965 fuerint',
606 2888 663 2947 aut
691 2906 729 2946 ea
757 2884 804 2947 sic
833 2888 869 2947 ut
902 2906 975 2947 eum
1005 2888 1108 2948 semet
1135 2885 1229 2969 digne

82 2986 222 3051 scribere
241 2987 386 3071 potuisse
406 2987 573 3074 probabile
593 2989 645 3071 sit,
669 2989 829 3074 corrigere
849 3011 1017 3075 cogamur:
1041 2989 1228 3055 incredibile

81 3094 169 3159 dictu
193 3098 242 3159 est
265 3098 344 3178 quot
366 3095 423 3159 ille
447 3096 604 3179 carmina,
632 3096 742 3160 rudem
771 3096 1030 3181 indigestamque
1053 3097 1171 3161 molem
1195 3097 1228 3160 in

81 3200 245 3266 codicibus
265 3202 442 3286 offerentia,
465 3225 485 3266 a
503 3203 738 3268 recentioribus
758 3207 867 3267 autem
886 3203 1066 3269 editoribus
1086 3203 1227 3286 plerum-

82 3329 143 3390 que
173 3308 417 3392 imperitissime
449 3313 601 3392 tractata,
633 3310 667 3373 in
696 3310 941 3376 Elementorum
975 3310 1058 3375 libro
1087 3310 1227 3376 secundo

81 3415 201 3498 partim
231 3416 271 3480 ad
299 3439 411 3480 sanam
441 3417 600 3482 rationem
629 3418 749 3503 partim
779 3418 819 3482 ad
848 3418 1126 3502 elegantissimam
1154 3440 1227 3481 con-

80 3522 269 3587 cinnitatem
296 3524 503 3589 revocaverit.
551 3523 602 3589 Ad
630 3547 728 3610 quam
756 3547 824 3590 rem
853 3548 926 3590 cum
950 3525 1023 3590 aliis
1047 3524 1225 3589 virtutibus

81 3649 162 3711 opus
186 3628 248 3692 fuit
271 3632 340 3693 tum
364 3630 477 3694 subtili
501 3653 597 3696 sensu
621 3633 761 3717 quodam
784 3636 818 3697 et
843 3633 1019 3698 exercitato
1038 3633 1079 3698 ad
1103 3632 1225 3697 usitata
1239 3662 1337 3705 ccxcv

81 3734 299 3819 inusitataque
318 3755 437 3819 genera
456 3742 633 3803 metrorum
653 3739 864 3805 discernenda
882 3739 1010 3804 iudicio.
1046 3738 1133 3804 Nam
1152 3761 1225 3803 cum

79 3845 213 3926 propter
236 3862 388 3926 magnam
407 3846 441 3907 et
458 3845 628 3927 prosodiae
648 3848 897 3933 ambiguitatem
916 3853 948 3912 et
966 3849 1225 3930 permutatorum

79 3951 165 4015 inter
189 3973 223 4015 ee
246 3949 364 4034 pedum
387 3949 580 4013 varietatem
604 3972 700 4036 saepe
719 3952 893 4036 plurimum
913 3952 1124 4017 dubitationis
1143 3951 1224 4017 illud

77 4056 208 4141 habeat,
227 4078 244 4120 e
263 4056 484 4144 compluribus
503 4077 587 4139 quae
605 4059 741 4139 pateant
759 4058 1055 4123 distribuendorum
1073 4080 1223 4124 versuum

78 4164 139 4229 viis
163 4187 260 4248 quam
284 4164 491 4248 potissimum
515 4162 604 4227 ineas
628 4166 661 4227 et
684 4163 799 4227 ceteris
823 4165 950 4230 reiectis
979 4169 1104 4230 teneas:
1132 4166 1223 4231 nulla

79 4292 112 4335 re
140 4271 214 4355 plus
242 4275 409 4355 peccatum
439 4275 490 4335 est
512 4293 610 4354 quam
633 4269 754 4335 talibus
778 4292 928 4335 versuum
952 4271 1020 4336 sive
1043 4273 1221 4337 conforma-

79 4378 221 4442 tionibus
246 4379 315 4444 sive
338 4377 622 4463 coniugationibus
645 4377 803 4462 probatis,
826 4400 906 4462 quas
926 4380 986 4444 etsi
1006 4380 1221 4446 demonstrari

79 4488 216 4568 nequeat
244 4484 371 4551 admitti
394 4486 483 4551 nullo
509 4486 602 4550 modo
630 4485 789 4569 potuisse,
816 4489 926 4551 tamen
950 4486 1047 4551 tritae
1070 4486 1221 4552 Plautina
