2992 5004
240 329 306 395 364
529 342 789 393 Paonnconuun
812 345 858 392 na
883 343 1093 393 annronrsvs

240 490 304 555 697
328 491 357 555 is
378 489 472 554 leonas
494 494 546 568 est,
570 492 603 553 et
625 492 754 573 praeter
777 490 883 553 cetera
905 489 982 570 quid
1002 490 1059 554 cist
1080 510 1192 555 nomen
1214 513 1244 554 v.
1271 488 1388 575 906*):

240 597 326 682 quod
353 604 391 662 ut
417 618 482 661 uno
516 600 627 661 tamen
654 617 749 660 versu
776 595 840 660 249
869 618 983 680 reapse
1010 595 1223 684 facerem**),
1256 598 1389 682 propria

240 705 451 770 dimetrorum
470 704 671 769 concinnitas
691 707 725 767 et
742 725 951 768 numerorum
970 703 1088 770 lenitas
1108 705 1270 790 exigebat
1299 703 1388 771 Gete-

239 835 311 878 rum
330 812 415 897 quod
439 813 473 876 in
490 814 583 894 potis,
600 818 680 894 pote,
703 810 787 875 idem
808 810 842 875 in
860 812 973 893 potine,
991 813 1082 894 potin
1101 813 1196 897 cadit,
1220 817 1274 878 sat
1293 835 1387 898 saepe

238 942 297 1005 pro
320 920 392 1005 ipso
410 917 511 1002 potia'
533 923 578 983 est
599 918 715 1003 posita.
742 955 780 964 -
806 918 883 983 Dixi
907 917 945 982 de
968 920 1075 1003 prima
1098 923 1130 984 et
1154 919 1296 985 secunda
1318 943 1386 1005 per-

239 1049 320 1092 sona
334 1025 506 1113 singularis
520 1024 656 1090 numeri.
678 1024 717 1089 In
732 1024 865 1110 reliquis
885 1025 948 1090 etsi
966 1025 1161 1110 aliquotiens
1176 1027 1276 1091 verbo
1296 1026 1388 1092 finito

239 1124 327 1199 stret
353 1134 532 1219 praedicati
560 1155 633 1198 cum
661 1132 805 1198 subiecto
834 1132 1010 1218 copulatio,
1037 1137 1148 1198 tamen
1174 1155 1217 1197 ne
1244 1134 1300 1200 hio
1323 1135 1389 1218 qui-

239 1242 313 1307 dem
336 1242 369 1307 id
393 1263 489 1326 saepe
511 1241 634 1307 factum
658 1262 716 1305 nec
740 1241 778 1306 de
802 1263 892 1306 more
915 1241 1025 1326 potius
1049 1262 1146 1326 quam
1168 1243 1299 1324 praeter
1322 1264 1387 1307 mo

238 1372 316 1415 rem.
362 1348 393 1413 A
422 1349 638 1414 commotione
667 1349 765 1414 animi
794 1349 1035 1415 excusationem
1064 1348 1164 1413 habet
1193 1349 1228 1412 in
1261 1350 1387 1414 cantico

238 1456 382 1541 positum
405 1477 457 1539 epo
479 1461 618 1537 expertus
636 1478 664 1519 v.
684 1456 758 1539 826,
782 1455 867 1541 quod
890 1459 999 1520 tamen
1020 1455 1089 1519 sine
1108 1475 1160 1538 epo
1178 1476 1219 1520 ne
1238 1455 1386 1541 intellegi

239 1563 367 1650 quidem
381 1566 547 1649 potuerat:
568 1562 688 1629 omisso
703 1582 829 1627 sunaus
844 1585 915 1626 cum
932 1562 1071 1648 quadam
1087 1561 1251 1649 gravitate
1266 1563 1388 1629 dictum

238 1695 266 1737 v.
285 1672 351 1737 492
374 1692 431 1737 aas
452 1670 631 1735 immanenti
650 1670 790 1734 satillum
808 1672 935 1735 animae
953 1669 995 1756 (si
1019 1671 1209 1755 incorrupta
1227 1672 1388 1756 scriptura

239 1780 292 1865 [cf.
308 1803 337 1865 p.
353 1777 462 1862 336]):
484 1777 596 1843 addito
617 1784 705 1843 sant
728 1777 906 1861 supplenda
924 1777 1170 1863 participiorum
1190 1780 1388 1845 constructio

237 1889 296 1953 alii
322 1887 453 1952 emortui
475 1909 504 1951 v.
528 1886 594 1952 535
618 1890 651 1951 et
678 1888 843 1969 trapezitae
870 1886 954 1951 mille
982 1885 1224 1951 drachmarum
1253 1887 1388 1951 redditae

238 1997 314 2080 426,
342 2017 423 2081 quae
447 1980 664 2059 enumerantis
689 1998 777 2078 sunt,
804 1997 973 2078 praeterea
998 1995 1036 2058 in
1059 1993 1196 2058 relativo
1220 1994 1387 2058 enuntiato

239 2104 293 2186 qai
314 2104 362 2167 nil
384 2103 488 2167 meriti
506 2125 535 2167 v.
557 2102 651 2166 1049.
685 2101 892 2186 Aliquotiens
912 2101 1032 2186 legitur
1051 2123 1118 2167 non
1142 2100 1294 2186 apposito
1318 2107 1391 2167 sant

240 2211 339 2275 verbo
361 2211 496 2292 satura
518 2209 741 2294 participium,
770 2213 807 2274 ut
831 2209 993 2294 Amphitr.
1017 2209 1057 2293 V,
1081 2210 1111 2289 2,
1134 2209 1155 2273 3
1178 2229 1257 2290 quae
1277 2210 1390 2290 satura

239 2323 268 2382 et
296 2338 374 2400 qaae
394 2317 492 2398 faeta,
516 2317 650 2399 eloquar,
675 2315 793 2382 Bacch.
817 2315 927 2400 111‚4,
952 2317 993 2381 12
1016 2317 1234 2399 praefectura,
1255 2317 1390 2398 fabulor,

145 2446 224 2486 cnm
239 2425 291 2490 vel
310 2424 389 2489 adeo
407 2425 473 2490 siret
494 2423 701 2489 coniunctivo
726 2424 846 2488 omisso
867 2424 975 2488 Aulul.
993 2423 1054 2508 Ill,
1072 2425 1102 2507 2,
1124 2424 1164 2489 18
1187 2445 1280 2490 aman
1298 2425 1390 2490 salua

235 2533 358 2615 futura:
389 2553 566 2616 numquam
596 2536 705 2597 autern
729 2537 798 2597 tam
821 2531 965 2597 insolens
989 2531 1252 2597 collocandorum
1275 2532 1389 2598 verbo·

238 2663 310 2706 rum
339 2640 513 2705 artificium
541 2639 661 2705 offendi
690 2662 787 2725 quam
814 2639 996 2704 Trinummi
1025 2663 1053 2705 v.
1078 2640 1156 2704 209:
1189 2660 1268 2722 qaae
1294 2661 1390 2723 neque

236 2748 346 2829 sedura
364 2768 459 2830 aeqree
475 2752 557 2832 suat,
576 2753 677 2813 tomen
696 2748 746 2812 illi
763 2747 873 2812 sciant.
906 2746 1092 2812 Tolerarcm
1113 2746 1264 2833 loquendi
1284 2767 1388 2832 genus

238 2855 317 2920 tale:
340 2876 436 2939 neque
458 2876 536 2937 quae
556 2855 674 2937 futura,
697 2876 792 2937 aeque
814 2876 891 2937 quae
913 2860 997 2920 suat:
1022 2853 1079 2919 sed
1103 2876 1140 2919 ex
1163 2876 1227 2919 uno
1247 2853 1388 2921 relativo

239 2984 395 3048 suspensa
426 2984 521 3047 aeque
550 2965 662 3045 satura
693 2984 788 3045 neque
819 2969 893 3028 saar
926 2966 1117 3048 aspernatur
1143 2961 1289 3027 Plautini
1325 2987 1389 3029 ser-

238 3070 345 3136 monis
369 3071 571 3156 simplicitas.
609 3070 679 3147 Quo
703 3070 826 3135 accedit
849 3071 1041 3154 simplicitas
1065 3069 1240 3154 cogitandi,
1264 3093 1330 3155 qua
1353 3075 1391 3136 ut

239 3179 419 3263 praesentis
444 3178 687 3244 antefatarum
711 3183 839 3263 tempus
863 3178 984 3243 mentio
1008 3178 1067 3242 fiat
1090 3177 1252 3243 suadetur.
1299 3178 1391 3256 Quae

240 3307 312 3350 cum
335 3285 382 3349 ita
405 3290 526 3370 essent,
555 3289 588 3350 et
609 3286 828 3351 Ambrosiano
857 3285 1044 3352 testimonio
1069 3290 1102 3349 et
1125 3284 1319 3350 Bentleiano
1343 3289 1390 3351 iu·

239 3392 323 3457 dicio
351 3391 464 3458 relicto
493 3395 539 3459 sic
567 3393 659 3458 illum
687 3415 815 3459 versum
840 3393 942 3458 eiecto
970 3398 1072 3458 tamea
1095 3392 1174 3478 (non
1198 3376 1301 3458 eiecto
1325 3392 1392 3481 illc)

240 3499 281 3564 ad
304 3522 507 3566 communem
532 3503 796 3567 consuetudinem
820 3500 1036 3566 revocandum
1060 3499 1257 3565 existimavi:

330 3660 418 3738 Quae
440 3664 543 3747 neque
567 3668 643 3728 sunt
664 3686 768 3748 nequo
791 3662 901 3727 futdra
925 3665 1009 3746 sunt,
1032 3659 1085 3726 illi
1107 3658 1298 3746 sciunt.***)

240 3819 390 3887 Ceterum
419 3845 459 3888 ne
487 3824 522 3889 in
551 3824 704 3890 infinitivi
733 3823 862 3910 quidem
891 3822 1163 3888 constructionem
1191 3844 1229 3887 ea
1257 3822 1296 3886 de
1326 3846 1392 3908 qua

330 4034 355 4103 ⁸)
379 4034 437 4106 [Sic
460 4035 555 4091 Trin.²
577 4053 628 4107 pro
651 4037 718 4107 quid
743 4041 781 4091 est
799 4037 823 4091 ei
842 4051 938 4090 masaa
958 4035 1122 4106 ‘asperitate
1141 4032 1284 4104 singulari,
1304 4050 1392 4103 quam

240 4140 296 4178 non
314 4123 399 4180 debui
416 4124 525 4197 tueri’]

311 4215 354 4282 **)
373 4216 473 4285 [Quem
487 4217 587 4285 postea
601 4217 631 4271 et
644 4215 726 4271 aliter
740 4214 889 4271 constitnit
902 4212 1073 4269 Ritaohelius
1091 4215 1121 4268 et
1139 4230 1202 4268 cum
1217 4210 1393 4269 Buechelero

240 4302 388 4372 interpreti
405 4303 525 4373 tribuit]

295 4389 349 4459 m)
369 4392 412 4460 [ln
437 4392 480 4446 ed.
500 4393 548 4448 alt.
568 4393 738 4448 Ritschelius
762 4396 852 4449 totum
875 4393 950 4448 hunc
969 4409 1079 4448 versum
1103 4392 1250 4447 confictum
1273 4407 1335 4447 esse
1354 4393 1395 4448 sd

242 4480 400 4550 exemplum
418 4496 515 4536 versus
534 4488 586 4537 206
605 4482 761 4551 indicavit]
