2992 5004
233 345 299 409 344
526 356 787 423 pnonsaoumrs
811 356 858 402 na
881 353 1091 402 nsmoruavs

233 509 326 589 parte
349 502 547 587 planissime.
562 501 733 566 confirmat
756 498 903 564 codicum
926 499 1120 583 auctoritas,
1143 502 1199 585 qui
1221 524 1287 568 non
1311 506 1381 567 tan·

233 616 304 677 tum
332 612 365 676 in
395 610 536 694 quinque
560 629 751 672 scaenarum
775 607 1055 692 inscriptionibus,
1083 610 1139 675 scd
1162 611 1261 674 etiam
1284 611 1318 675 in
1342 633 1380 676 eo

233 720 305 783 loco
329 718 458 782 fabulae
482 714 557 802 (III,
581 715 611 799 2,
634 713 702 801 56),
725 714 759 779 in
782 717 846 798 quo
869 714 1089 781 nominativus
1112 696 1382 800 Pemblestorroencs

233 824 308 890 inde
336 824 377 889 ab
408 824 533 909 aliquot
560 823 698 888 saeculis
727 821 894 906 vulgatur,
925 821 1031 905 ipsam
1058 844 1096 888 os
1117 825 1382 912 terminationem

234 935 403 997 testentur.
450 928 512 995 Sed
540 929 671 993 eosdem
699 950 778 992 sane
806 927 945 991 alterum
968 928 1085 994 vitium
1112 952 1225 996 omnes
1248 931 1382 998 insidet:

233 1039 299 1103 nisi
322 1036 406 1122 quod
431 1036 589 1120 perdubio
612 1035 731 1099 indicio
755 1033 823 1099 reri
847 1034 947 1098 semel
964 1038 1201 1119 peripletommc
1223 1039 1382 1123 scriptum

234 1151 285 1210 est
310 1147 345 1209 in
369 1143 428 1210 01)
451 1143 498 1226 ΙΙ,
522 1144 558 1226 2,
584 1144 633 1207 15.
677 1141 835 1226 Dispares
868 1145 988 1207 tamen
1009 1143 1062 1209 his
1095 1146 1246 1211 omnibus
1279 1145 1383 1210 Lache

122 1330 125 1336 ¹
235 1253 366 1319 Chreme
394 1251 533 1316 formae:
566 1250 605 1314 de
635 1248 768 1333 quibus,
800 1249 955 1333 quoniam
983 1250 1016 1314 id
1045 1251 1085 1316 ad
1114 1253 1267 1317 Plautum
1296 1250 1381 1316 nihi]

235 1361 389 1445 pertinet,
412 1379 496 1423 nunc
521 1379 588 1421 non
611 1355 724 1420 dicam.
749 1391 791 1400 —
821 1352 1000 1439 Supersunt
1023 1358 1088 1423 alia
1111 1360 1149 1425 de
1173 1359 1291 1443 quibus
1316 1380 1383 1422 non

236 1465 351 1532 inutile
379 1465 479 1530 fuerit
507 1464 586 1529 olim
614 1462 723 1528 dedita
751 1485 851 1547 opera
873 1464 1044 1548 disserere,
1071 1470 1109 1531 ut
1136 1471 1381 1531 controversum

235 1572 317 1638 illud
339 1572 437 1638 hisce
458 1568 614 1657 v.877*):
638 1571 688 1634 rel
710 1592 777 1635 non
800 1575 1027 1636 controversas
1051 1576 1213 1638 ettamen
1237 1595 1257 1637 a
1279 1573 1383 1639 Lade·

237 1680 335 1764 wigio
358 1700 463 1764 nuper
485 1678 694 1744 addubitatae
718 1678 840 1742 formae
858 1698 1053 1760 periocham
1076 1685 1235 1744 mouendi
1258 1678 1302 1766 (v.
1317 1681 1384 1747 582

237 1787 379 1869 reposita
404 1787 455 1867 [of.
479 1810 510 1872 p.
534 1784 742 1870 ccnxxxnl):
775 1784 826 1849 vel
856 1786 918 1866 foc
941 1788 973 1849 et
993 1785 1076 1865 soce
1098 1785 1276 1850 formarum
1301 1784 1385 1872 (qui-

236 1896 298 1959 bus
322 1895 588 1978 praetermissum
612 1893 710 1979 vulgo
730 1913 785 1976 per
808 1914 825 1957 e
850 1889 972 1956 Catulli
989 1891 1160 1976 XXV11,2
1185 1892 1384 1981 addendum)

238 2007 353 2066 mutua
376 2000 460 2065 ratio
484 2023 512 2064 v.
530 2000 602 2064 174.
620 2000 719 2065 1008:
743 1999 794 2063 vel
818 2020 876 2082 pro
900 1999 1002 2079 ipsum
1020 2001 1090 2081 ipsa
1112 1999 1220 2083 posita
1242 2021 1388 2084 eumpse

237 2129 342 2190 eopse
365 2130 393 2172 v.
409 2107 482 2171 800.
506 2105 580 2171 950.
603 2106 670 2170 974
693 2105 785 2170 alibi:
808 2104 860 2168 vel
883 2104 987 2170 honos
1010 2127 1068 2190 pro
1091 2105 1189 2170 honor
1210 2129 1239 2171 v.
1256 2105 1385 2194 663**).

98 2216 317 2280 nxxx1x69l:
353 2236 453 2278 unum
486 2218 536 2277 est
568 2217 676 2277 autem
714 2212 879 2297 quiddam,
917 2212 1004 2297 quod
1036 2214 1102 2278 iam
1134 2235 1221 2278 nunc
1255 2215 1385 2299 cupiam

237 2342 304 2386 non
326 2320 471 2405 ignorari
500 2342 519 2384 a
543 2320 774 2404 grammaticis.
819 2316 906 2383 Nam
930 2341 1003 2384 cum
1026 2319 1179 2404 frequens
1204 2302 1306 2385 sitin
1329 2343 1385 2385 an·

238 2428 330 2512 tiquo
354 2447 502 2491 sermone
525 2426 749 2509 genetivorum
777 2425 811 2489 in
834 2446 893 2489 om
917 2427 1102 2492 exeuntium
1124 2449 1216 2510 usus,
1240 2449 1322 2512 quos
1347 2451 1385 2493 ex

237 2554 326 2599 orum
354 2535 539 2597 contractos
568 2531 693 2614 dicunt,
729 2535 766 2594 ut
794 2533 924 2596 celatum
952 2553 980 2596 r.
1003 2533 1084 2617 241,
1119 2555 1283 2600 hommum
1310 2536 1386 2602 954.

237 2640 311 2705 966.
334 2640 414 2723 970,
441 2661 605 2705 mumolum
627 2660 757 2703 aureum
783 2639 881 2721 1139,
913 2661 1076 2704 coelorum
1099 2640 1282 2724 Philippum
1304 2643 1386 2708 959:

237 2753 307 2811 tum
330 2747 365 2811 in
388 2746 440 2812 bis
464 2746 622 2832 quaedam
646 2751 735 2828 sunt,
764 2768 846 2830 quae
871 2770 889 2810 a
913 2746 1029 2811 Plauto
1053 2747 1182 2831 quidem
1205 2771 1385 2834 numquam

238 2875 303 2919 non
336 2858 504 2920 contracta
535 2855 641 2919 forma
672 2853 759 2918 diota
790 2854 864 2917 sint.
910 2852 985 2918 Non
1013 2853 1231 2936 Philipporum
1257 2859 1386 2922 tantum

239 2962 290 3026 vel
313 2962 548 3045 Philipmeomm
575 2961 768 3027 inauditum:
802 2959 859 3024 sed
886 2962 915 3024 si
944 2961 1019 3044 quid
1048 2961 1141 3026 video
1165 2962 1272 3045 ipsum
1295 2986 1386 3030 nerm-

238 3090 367 3133 morum.
423 3067 511 3144 Quae
543 3069 651 3133 forma
684 3089 755 3132 cum
790 3090 818 3130 v.
847 3066 912 3132 848
944 3067 979 3130 in
1011 3088 1197 3133 nrrmmhm
1229 3072 1387 3137 mutanda

238 3174 337 3238 fuerit
365 3175 498 3239 iubente
526 3178 601 3258 post
629 3178 792 3257 receptum
823 3197 861 3239 ex
889 3174 922 3238 A
948 3175 1024 3256 quio
1052 3176 1148 3240 metri
1179 3180 1387 3263 necessitate,

238 3303 339 3345 unum
367 3281 472 3345 solum
501 3286 604 3346 restat
631 3281 716 3365 quod
740 3281 948 3367 trisyllabum
972 3282 1156 3365 genetivum
1179 3288 1311 3350 tueatur
1335 3309 1386 3350 ex-

240 3387 380 3471 emplum
404 3410 432 3452 v.
459 3390 534 3452 152:
565 3389 708 3452 Nemesis
731 3409 930 3452 humatorum
953 3388 1153 3471 Philippeum
1176 3393 1219 3455 od
1241 3393 1303 3456 trio
1327 3395 1385 3457 mi

240 3493 371 3580 lla.***)
417 3494 710 3578 Numquid·igitur
733 3493 897 3558 dubitabis
921 3497 1057 3577 parvula
1080 3497 1227 3562 immissa
1259 3499 1387 3582 syllaba
1470 3550 1473 3556 .

240 3601 300 3665 hoc
325 3624 451 3686 quoque
476 3601 564 3666 velut
588 3602 634 3665 sic
658 3601 826 3665 demedio
850 3601 978 3667 tollere:

327 3742 432 3810 Nemo
456 3744 514 3809 hic
537 3748 600 3808 est:
624 3742 810 3809 Nummum
833 3742 1040 3828 Phssippeum
1065 3746 1105 3809 ad
1129 3747 1196 3818 tria¹
1216 3746 1387 3813 milia-r

240 3885 429 3953 Contractio
454 3891 562 3952 autem
585 3887 646 3950 illa
668 3908 741 3951 cum
766 3909 831 3951 non
855 3887 898 3951 sit
921 3888 1089 3953 masculini
1113 3884 1240 3973 generis
1264 3890 1386 3956 finibus

239 3994 497 4079 circumscripta,
525 3994 580 4058 sed
608 3993 787 4058 rarioribus
811 3994 968 4078 exemplis
992 3996 1090 4059 etiam
1121 3996 1160 4060 ad
1188 3995 1384 4063 femininum

240 4102 418 4183 pertinens:
451 4100 721 4186 quomadmodum
751 4123 850 4165 unum
878 4101 942 4183 ipsi
970 4101 1045 4166 libri
1073 4102 1283 4185 suppeditant
1310 4105 1384 4170 ‹iro-

346 4292 371 4358 *l
392 4293 445 4365 [01.
466 4292 566 4363 Opnsc.
586 4293 655 4363 phil.
674 4293 701 4348 II
719 4312 745 4363 p.
766 4300 883 4362 646sq.;
904 4293 942 4347 IV
960 4311 987 4363 p.
1009 4294 1081 4365 las]

329 4383 372 4451 W)
393 4383 491 4455 [honor
509 4382 606 4451 Trin.²,
626 4385 657 4437 ut
676 4382 746 4437 itud.
767 4384 787 4452 Ι,
807 4389 831 4450 3,
852 4389 885 4437 12
904 4385 934 4436 et
951 4383 979 4436 in
999 4382 1161 4451 Scipionum
1179 4385 1263 4439 titulo
1281 4404 1308 4441 n.
1329 4390 1387 4460 38.]

310 4468 369 4541 m)
390 4471 442 4542 [01.
462 4489 524 4529 ann
543 4471 580 4527 ad
598 4477 687 4527 v.152
706 4472 736 4526 in
755 4473 796 4526 ed.
812 4472 861 4526 alt.
875 4471 999 4540 itemque
1014 4471 1115 4542 Opusc.
1130 4473 1200 4541 phil.
1215 4473 1252 4528 111
1271 4492 1297 4543 p.
1310 4479 1388 4549 241.]
