2910 5010
578 379 731 427 sununs.
1160 359 1224 424 765

82 523 137 608 qui
161 524 243 588 talis
266 524 388 607 legunt,
411 523 531 587 iudicio
554 528 723 607 proponat.
756 523 894 587 Videtur
917 522 979 587 hoc
1002 546 1021 587 a
1045 521 1224 586 maioribus

81 630 128 695 sic
156 631 343 695 institutum
372 652 456 714 esse,
489 652 554 694 nou
582 634 662 694 tamv
677 633 714 694 ut
743 631 893 714 cuiquam
923 633 1070 694 nostrum
1100 629 1224 714 ingenii

80 736 277 802 exercitandi
301 737 427 802 occasio
451 737 669 820 praeberetur,
693 759 731 800 ea
755 736 841 801 enim
864 737 1052 801 hominibus
1071 736 1223 801 eruditio-

80 843 171 909 ribus
193 867 261 909 non
284 845 378 909 facile
401 844 506 928 deest,
534 866 595 908 nec
622 848 660 908 ut
687 844 804 929 aliquis
828 843 868 908 sd
893 843 1098 929 quaestiones
1122 864 1223 908 novas

80 954 178 1036 atque
198 952 429 1017 reconditiores
446 951 662 1016 instituendas
678 951 905 1036 instigaretur,
923 951 1015 1016 nullo
1034 951 1121 1014 enim
1140 950 1224 1013 eius-

82 1058 171 1123 modi
195 1059 405 1123 incitamento
430 1080 510 1142 opus
531 1058 655 1142 osteis,
679 1059 734 1143 qui
753 1057 788 1122 in
806 1058 886 1143 ipsis
906 1057 1026 1122 litteris
1046 1060 1225 1140 versantur,

84 1165 144 1230 sed
172 1171 209 1231 ut
237 1165 456 1231 adolescentes
485 1165 667 1230 litterarum
699 1163 836 1229 studiosi
868 1164 928 1228 hoc
960 1165 1107 1248 exemplo
1131 1164 1224 1248 quasi

83 1271 221 1356 quodam
242 1273 375 1337 stimulo
394 1272 435 1336 sd
454 1273 631 1336 certamina
650 1272 800 1357 gnaviter
819 1270 986 1335 subeunda
1004 1271 1225 1337 incitarentur.

82 1377 155 1444 Hoc
178 1400 254 1444 vero
279 1401 364 1444 anno
389 1379 511 1446 edenda
534 1379 597 1443 luit
620 1378 834 1444 certaminum
857 1378 993 1443 indictio
1017 1379 1104 1444 nuda
1123 1379 1224 1443 omni·

83 1508 145 1570 que
170 1486 361 1551 eruditionis
386 1489 502 1551 ornatu
525 1507 635 1551 vacua.
682 1482 819 1569 Collega
841 1484 926 1550 enim
950 1486 1155 1552 doctissimus
1179 1490 1225 1550 at

83 1615 145 1678 que
177 1593 446 1677 humanissimus,
479 1594 533 1678 qui
567 1592 654 1676 apud
683 1613 743 1656 nos
776 1593 1060 1677 programmatarii
1092 1615 1225 1658 munere

81 1699 238 1784 fungitur,
262 1699 445 1765 Ludoricus
469 1699 611 1785 langius
636 1722 656 1763 a
678 1698 778 1781 febre,
800 1720 896 1783 quam
920 1699 955 1763 in
974 1700 1089 1765 itinere
1108 1700 1224 1765 Italico

80 1829 139 1890 per
169 1807 266 1872 ferias
294 1807 498 1872 autumnales
527 1810 677 1890 suscepto
706 1805 769 1870 sibi
798 1806 973 1890 contraxit,
1006 1808 1151 1873 nondum
1178 1808 1226 1871 ita

82 1913 273 1998 revaluerat,
296 1918 334 1979 ut
357 1936 396 1979 ex
415 1913 604 1998 multiplicis
624 1935 688 1998 qua
707 1917 840 1977 ornatus
860 1917 910 1977 est
928 1915 1120 1979 eruditionis
1139 1932 1226 1997 penu

84 2021 207 2105 aliquid
229 2043 423 2106 praeparare
447 2021 537 2086 etin
559 2020 726 2104 publicum
749 2019 843 2085 edere
866 2026 985 2103 posset.

169 2127 262 2192 Nihil
285 2128 524 2212 igitur-restat,
546 2127 610 2190 nisi
633 2132 671 2191 ut
694 2127 807 2191 statim
833 2126 874 2190 ad
897 2149 969 2191 eam
992 2148 1061 2191 rem
1083 2131 1225 2193 transea-

81 2258 163 2318 mus,
186 2257 267 2319 quae
290 2236 407 2320 agitur.

548 2362 759 2370 ..ψῃ-ι...-

630 2487 679 2551 11.

375 2627 599 2714 Erlrltrung
627 2628 692 2693 der
719 2609 954 2694 Redaction'

292 2732 351 2820 (im
374 2735 488 2800 Rhein.
511 2734 660 2800 Museum
683 2734 741 2799 Bd.
764 2734 860 2799 XVlI
882 2756 913 2817 p.
933 2730 1023 2820 328).

171 2877 211 2941 In
234 2876 336 2963 Folge
360 2877 448 2942 eines
472 2876 530 2940 das
554 2876 983 2941 Rhcinische‘Museum
1007 2876 1224 2941 betreffenden

84 2985 393 3069 Zeitungsartikels,
421 2984 477 3049 der
501 3007 559 3048 aus
584 2984 688 3048 ciuem
711 2983 962 3048 Pommerschen
985 2983 1092 3067 Blatt,
1124 2984 1226 3048 werin

82 3116 118 3158 er
146 3116 278 3158 unseres
302 3092 449 3158 Wissens
479 3094 586 3156 zuerst
613 3091 774 3175 crschien,
802 3091 836 3155 in
859 3090 1084 3155 verschiedene
1109 3092 1225 3156 andere

82 3200 335 3285 ilbergegangen
364 3199 420 3282 ist,
453 3199 525 3263 sind
555 3199 610 3262 der
638 3197 818 3265 Redaction
846 3198 1031 3266 mehrfache
1059 3197 1226 3282 Anfragen

83 3309 164 3372 iiber
194 3308 251 3371 das
280 3305 517 3370 Fortbestehen
549 3306 626 3370 oder
655 3304 897 3370 rermeintliche
925 3303 1093 3390 Eingehen
1123 3305 1226 3369 dieser

83 3412 271 3477 Zeitschrift
299 3415 545 3498 zugekommen,
579 3412 631 3477 die
658 3434 720 3476 uns
749 3435 786 3476 zu
810 3411 1065 3477 nachstehender
1089 3412 1226 3479 Aufkle-

82 3540 167 3605 rung
190 3521 410 3606 verpflichten.

172 3627 218 3692 Es
235 3629 281 3693 ist
297 3629 426 3714 richtig,
447 3628 521 3693 dass
543 3629 612 3693 dem
631 3627 848 3693 Rhcinischen
862 3627 1011 3693 Musenm
1026 3627 1096 3692 cine
1111 3624 1226 3691 Unter·

82 3738 237 3820 stittsung
259 3758 317 3800 aus
341 3733 592 3820 Staatsmitteln,
614 3735 665 3800 die
689 3736 757 3800 ihm
781 3736 844 3802 seit
861 3735 893 3802 N
898 3734 1061 3800 iebuhr's
1086 3735 1149 3799 und
1169 3734 1225 3799 des

82 3839 249 3908 Ministers
277 3865 352 3908 ron
375 3843 598 3908 Altenstein
627 3842 740 3907 Zeiten
763 3847 859 3907 nnter
887 3842 973 3906 allen
1000 3841 1225 3925 preussischcn

82 3949 288 4015 Ministerien
311 3950 577 4037 ungeschmtlert
600 3950 772 4035 geblieben
792 3971 867 4033 war,
891 3949 952 4014 seit
966 3948 1098 4033 Anlang
1121 3948 1226 4012 dieses

82 4056 105 4121 J
107 4057 202 4122 ahres
217 4057 318 4122 durch
334 4057 394 4121 den
404 4058 513 4123 Herrn
523 4057 866 4122 Staatsministervon
882 4054 1225 4120 Bethmann·Holl·

83 4185 164 4249 weg
187 4185 300 4249 wegen
324 4164 534 4248 mangelnder
551 4163 660 4229 Fonds
680 4144 829 4228 insoueit
847 4167 1004 4248 entzogen
1025 4163 1155 4228 worden
1174 4163 1226 4246 ist,

82 4272 158 4336 dass
182 4272 233 4337 die
257 4271 382 4337 Ansahl
405 4294 474 4354 ¹ron
497 4270 727 4356 Exemplaren,
757 4270 808 4334 die
836 4271 887 4334 bis
910 4270 1008 4335 dahin
1032 4269 1146 4334 behuls
1169 4270 1226 4335 der

84 4379 303 4464 Vertheilung
331 4402 374 4443 sn
401 4377 604 4462 preussische
629 4376 828 4461 Gymnasien
851 4399 923 4440 zum
950 4377 1082 4441 Ankauf
1100 4378 1226 4463 kamen,

82 4486 142 4553 auf
153 4484 187 4572 Ἄ
201 4487 430 4572 herabgesetct
444 4487 562 4552 wurde.
588 4485 634 4550 Es
654 4487 698 4550 ist
716 4485 797 4550 such
817 4484 947 4571 richtig,
966 4484 1040 4552 dass
1060 4508 1120 4551 uns
1139 4485 1226 4552 diese
