2986 5010
420 363 681 412 suannamours
706 361 913 411 curvatura.
1180 342 1246 411 435

101 507 152 572 vel
180 507 214 572 in
242 508 308 573 arsi
336 507 465 591 syllaba
492 530 609 593 anceps
638 508 749 587 habet,
778 508 896 594 quippe
920 508 954 572 in
978 507 1100 572 exitum
1123 507 1247 597 ordinis

68 605 70 607 ’
100 613 279 698 rhythmici
310 616 468 681 incidens:
508 621 621 680 contra
653 616 687 679 in
719 616 838 680 senarii
870 613 1001 679 iambici
1034 637 1179 698 caesura,
1211 620 1248 679 ut

101 744 183 807 quae
211 723 244 788 in
273 723 414 787 medium
444 723 590 788 ordinem
614 723 834 806 rhythmicum
858 721 979 786 incidat
1002 719 1144 808 (quando
1168 722 1248 787 iam·

100 829 189 893 bicos
220 851 289 894 esse
319 830 451 895 iambici
482 852 594 895 versus
623 830 751 894 ordines
780 832 923 914 oportet,
951 851 1018 894 non
1041 827 1248 913 trochaicos),

101 936 211 1000 hiatus
238 938 345 1002 locum
373 959 439 1002 non
469 937 593 1002 habuit.
640 936 743 1013 Quam
767 957 917 1001 caesurae
941 936 991 1000 vel
1015 936 1081 1001 vim
1106 937 1158 1001 vel
1182 959 1247 1001 non

101 1044 167 1107 vim
191 1044 343 1109 ficticiam
367 1065 432 1109 non
456 1066 525 1109 esse
554 1044 736 1109 luculenter
758 1043 834 1108 hinc
858 1047 1005 1127 apparet,
1033 1043 1118 1127 quod
1146 1043 1248 1108 sicubi

102 1172 268 1216 caesuram
287 1151 338 1216 vel
357 1151 541 1222 trochaicus
560 1150 612 1215 vel
630 1152 726 1236 longe
745 1150 894 1234 plurimis
914 1150 1070 1234 exemplis
1089 1151 1248 1218 iambicus

101 1261 291 1323 tetrameter
318 1280 385 1323 non
411 1262 487 1343 post
515 1263 663 1340 octavam
691 1256 792 1322 babet
819 1257 876 1321 sed
903 1261 980 1341 post
1006 1279 1126 1322 nonam
1150 1257 1248 1342 sylla·

101 1366 186 1449 bam,
204 1365 235 1430 h.
254 1388 280 1431 e.
298 1389 365 1431 non
382 1365 418 1428 in
436 1365 500 1429 fine
523 1366 699 1458 rhythmici
725 1365 846 1429 ordinis
866 1364 921 1429 sed
940 1365 975 1429 in
999 1364 1105 1429 medio
1129 1365 1249 1443 ordine,

100 1493 167 1537 non
189 1494 345 1556 umquem
367 1472 473 1537 hiatui
500 1473 591 1538 locus
620 1493 790 1538 concessus
820 1476 878 1536 est.
919 1469 1041 1546 Quodsi
1064 1471 1099 1534 in
1122 1470 1248 1534 creticis

102 1579 247 1644 versibus
270 1579 398 1646 hiatum
421 1580 473 1644 vel
497 1579 658 1664 syllabam
682 1579 856 1664 ancipitem
879 1601 945 1644 non
967 1577 1155 1662 principalis
1178 1581 1248 1642 tan-

101 1690 171 1750 tum
195 1708 328 1751 caesura
350 1688 452 1753 totius
476 1709 598 1771 versus,
622 1686 677 1751 sed
702 1686 848 1771 singulae
872 1707 1023 1750 caesurae
1042 1684 1176 1770 podioae
1194 1685 1248 1748 ad·

101 1794 268 1878 miserunt,
288 1795 377 1879 quod
400 1794 523 1860 factum
543 1817 613 1859 esse
636 1791 813 1880 constat*),
836 1794 898 1858 lroc
918 1816 934 1856 e
954 1793 1115 1877 singulari
1132 1797 1250 1857 natura

102 1901 213 1965 cretici
236 1902 362 1965 numeri
386 1903 593 1985 repetendum
618 1906 676 1983 cst,
700 1901 791 1966 cuius
815 1900 937 1986 singuli
960 1900 1058 1984 pedes
1081 1904 1247 1984 tamquam

103 2007 310 2073 catalecticos
344 2009 471 2074 ordines
505 2008 663 2092 efficiunt,
696 2008 751 2073 sed
786 2007 826 2071 ad
857 2008 1067 2072 iambicorum
1098 2028 1249 2072 versuum

104 2114 383 2181 trochaicorumte
406 2115 535 2181 ordines
558 2116 646 2181 nullo
671 2120 768 2199 pacto
791 2114 1061 2179 transferendum.
1107 2113 1177 2190 Quo
1201 2120 1248 2179 ta·

105 2243 180 2286 men
202 2222 295 2306 gravi
319 2245 427 2288 errore
456 2223 575 2287 irretiri
599 2244 633 2287 se
658 2222 794 2308 Lingius
817 2244 946 2306 passus,
975 2222 1051 2286 dum
1075 2222 1249 2287 trochaicis

103 2328 269 2393 ordinibus
287 2329 444 2396 iambicos
462 2351 575 2394 versus
594 2330 770 2413 dimetitur,
789 2352 826 2395 eo
846 2329 994 2413 pervenit
1014 2333 1133 2394 utnon
1153 2329 1249 2393 modo

103 2435 138 2499 in
161 2457 294 2501 caesura
317 2438 525 2521 senariorum,
549 2437 604 2501 sed
628 2438 662 2501 in
686 2438 748 2501 fine
767 2438 921 2522 cuiusque
941 2436 1090 2522 dipodiae
1109 2437 1248 2501 trochai-

106 2565 162 2607 cae
191 2545 259 2608 sive
287 2544 498 2609 iambicorum
528 2545 596 2609 sive
623 2543 860 2609 trochaicorum
887 2565 1037 2608 versuum
1065 2544 1248 2629 legitimum

104 2673 174 2715 esse
197 2651 325 2715 hiatum
350 2651 412 2716 sibi
437 2636 653 2735 persuaderet.
694 2649 766 2726 Qua
787 2650 934 2715 doctrina
956 2651 1018 2715 etsi
1042 2651 1174 2716 modum
1197 2673 1248 2715 ve·
1263 2671 1370 2712 cxcvu
1476 2661 1480 2672 “

104 2758 212 2823 ritatis
234 2780 367 2842 prorsus
392 2758 541 2842 excessit,
570 2762 680 2822 tamen
703 2757 802 2821 etiam
825 2758 955 2843 longius
978 2758 1248 2843 progrediendum
1309 2733 1322 2758 l

102 2886 171 2929 esse
201 2863 361 2930 Beckerus
392 2862 436 2949 (p.
468 2862 544 2951 106)
577 2868 666 2928 ratus
697 2863 832 2929 calidius
862 2865 1066 2948 praecepisse
1096 2862 1248 2948 bingium

102 2970 197 3036 dixit:
230 2971 408 3036 addendam
439 2971 524 3035 enim
552 2970 801 3054 penthemimeri
829 2975 914 3035 certe
937 2969 1248 3054 hephthemimerem

65 3110 68 3116 ·
102 3097 186 3159 esse,
218 3080 255 3140 ut
287 3077 323 3142 in
354 3101 418 3163 qua
450 3099 516 3142 non
548 3076 620 3161 plus
653 3099 752 3161 quam
779 3078 813 3140 in
841 3076 898 3140 illa
925 3076 1112 3141 offensionis
1139 3077 1248 3142 hiatus

101 3182 246 3247 haberet.
292 3183 465 3269 Reliquum
492 3182 564 3248 'erat
591 3187 628 3247 ut
656 3205 694 3247 ea
721 3182 867 3248 doctrina
889 3183 1095 3266 perficeretur
1118 3189 1151 3248 et
1179 3208 1248 3250 om-

103 3291 181 3354 nino
209 3290 318 3355 nullus
342 3292 375 3355 in
398 3292 465 3355 ullo
489 3312 584 3356 versu
606 3291 696 3354 locus
720 3311 790 3353 esse
815 3289 988 3373 diceretur,
1016 3292 1092 3374 quin
1121 3293 1161 3356 ab
1185 3294 1248 3357 ele·

106 3399 236 3483 gantiae
264 3399 416 3464 nimirum
445 3403 478 3463 et
505 3398 732 3464 concinnitatis
760 3400 793 3460 et
820 3398 1062 3481 perspicuitatis
1093 3400 1247 3464 studiosis
1344 3419 1353 3439 ⁰

32 3505 34 3507 ’
103 3505 209 3588 poetis
232 3505 371 3591 legitimi
390 3506 518 3571 ‘scilicet
546 3506 654 3570 hiatus
679 3510 872 3571 ornamento
896 3506 1069 3592 aliquando
1098 3507 1248 3572 condeco-

190 3699 217 3768 *)
237 3699 413 3769 Quamquam
436 3716 492 3755 non
515 3702 559 3754 est
585 3698 685 3768 quovis
708 3703 792 3770 pacto
818 3699 931 3755 lactum.
968 3699 1041 3754 Nam
1061 3700 1114 3756 etsi
1131 3701 1160 3756 in
1179 3702 1247 3756 Her-

101 3787 252 3842 manniana
277 3787 458 3858 discriptione
485 3805 583 3843 eorum
606 3805 750 3857 versuum,
774 3787 823 3856 qui
846 3788 925 3842 nobis
948 3790 1014 3842 eunt
1036 3791 1110 3844 Trin.
1135 3796 1247 3859 247sq,

100 3878 176 3932 recte
195 3877 242 3932 hio
261 3894 291 3932 se
311 3879 428 3933 creticus
446 3879 545 3933 habet:
783 3885 785 3887 ’

313 3962 357 4038 lbi
375 3984 544 4055 pendentem
562 3984 641 4040 ferit:
660 3985 717 4040 iam
736 3986 855 4054 amplias
874 3987 944 4052 orat,

101 4093 197 4145 tamen
215 4088 246 4145 in
263 4091 376 4146 brevem
392 4090 517 4146 vocalem
531 4089 662 4147 desinens
676 4108 730 4146 vox
745 4091 886 4160 dactylica
900 4108 956 4146 non
969 4091 1064 4161 potuit
1077 4111 1128 4163 pro
1143 4095 1246 4151 cretico

101 4179 236 4235 substitui
254 4198 279 4235 v.
299 4184 364 4234 251:

315 4287 378 4342 Nox
396 4286 491 4341 datur:
511 4286 623 4342 dricitur
639 4289 751 4355 familia
768 4289 843 4342 tota:

101 4392 177 4462 qnod
196 4409 284 4463 genus
303 4394 444 4465 elegantia
462 4393 530 4449 artis
549 4397 662 4463 respuit.
691 4393 743 4463 [cf.
763 4396 858 4480 annot.
877 4395 914 4450 ad
933 4396 1006 4450 hunc
1025 4413 1135 4452 versum
1154 4397 1184 4452 in
1203 4397 1246 4453 ed.

101 4485 151 4540 alt.
172 4487 201 4539 et
219 4484 321 4554 Opusc.
340 4485 408 4554 phil.
428 4483 467 4537 lV
486 4503 514 4554 p.
533 4485 607 4555 413]

980 4575 1035 4630 28*
