2940 5004
252 329 317 393 496
541 346 800 396 PROLEGOMENA
824 348 870 394 on
895 347 1103 395 arsionibus

252 497 288 557 ut
321 494 553 577 propemodum
586 493 814 560 inenarrabilis
846 493 964 558 evadat
996 498 1029 557 et
1061 498 1227 576 tamquam
1270 493 1409 558 elabens

252 602 369 665 mentis
393 601 532 665 acumini
556 601 651 665 facile
675 603 783 685 legum
807 602 1013 666 severitatem
1035 601 1153 665 cludat.
1193 600 1408 684 Quamquam

251 729 371 772 necea
396 730 448 791 ec,
476 707 560 791 quod
589 709 693 771 multa
714 709 838 772 incerta
861 714 950 790 sunt,
974 708 1054 772 nihil
1077 730 1147 772 csse
1172 712 1298 771 certum
1330 730 1407 771 con·

253 815 411 898 sequitur,
439 836 498 878 nec
526 814 564 877 de
593 815 727 878 incertis
755 816 850 878 citius
878 815 1113 898 desperandum
1143 815 1259 878 estad
1283 814 1405 897 proba·

252 922 351 986 bilem
374 923 532 986 rationem
557 921 754 985 revocandis.
791 920 904 1005 Itaque
928 923 1026 985 etiam
1051 921 1139 985 aliud
1158 921 1316 1005 quiddam
1338 944 1404 986 non

251 1030 374 1111 tacebo,
397 1031 436 1094 de
455 1052 519 1112 quo
538 1029 625 1092 ultra
644 1029 862 1112 quaerendum
882 1050 952 1093 esse
971 1029 1106 1092 videam.
1144 1027 1229 1092 Nam
1250 1028 1341 1093 Trin.
1363 1029 1402 1093 91

251 1139 321 1220 nbi,
345 1138 401 1221 qui
424 1137 504 1201 sint
528 1136 622 1200 amici
647 1139 680 1199 et
704 1137 758 1220 qui
782 1136 990 1200 videantur
1012 1138 1152 1218 tantum,
1182 1139 1404 1219 opponuntur,

252 1267 324 1308 cum
348 1266 415 1309 non
438 1248 548 1309 careat
570 1245 696 1308 ratione
721 1243 806 1326 quod
825 1244 1020 1326 vulgabatur
1039 1242 1121 1307 Stant
1141 1244 1217 1323 quc's
1239 1245 1304 1307 scra
1327 1245 1405 1306 c'ssc

251 1355 380 1434 amima,
407 1357 480 1415 soret
506 1372 582 1432 quos
610 1352 760 1432 alapiam,
788 1355 896 1414 tamen
924 1350 1020 1414 facile
1045 1350 1183 1414 sentitur
1205 1349 1309 1413 ctiam
1333 1371 1403 1413 ncr-

252 1460 362 1522 vosius
386 1459 451 1522 vim
479 1458 716 1522 contrariorum
740 1457 844 1521 efferri
868 1457 913 1520 sic
942 1457 1048 1521 verbis
1079 1463 1151 1520 cum
1180 1456 1402 1520 Ambrosiano

136 1590 237 1631 cccxx
252 1565 423 1629 ordinatis:
456 1564 538 1628 Sunt
567 1565 642 1646 quo's
669 1566 730 1628 snb
758 1565 872 1627 umr'cm
898 1565 1024 1647 c'ssc*),
1051 1568 1125 1627 saort
1150 1584 1227 1644 quos
1253 1565 1401 1646 suspicor.

251 1671 350 1737 Cuius
382 1673 428 1736 rci
457 1672 483 1735 si
512 1695 594 1757 quae
622 1693 735 1735 caussa
762 1673 806 1735 sit
834 1672 1023 1755 quaesieris²
1054 1692 1120 1735 uon
1153 1671 1282 1734 videtur
1313 1669 1399 1734 aliud

251 1778 437 1862 responderi
465 1799 575 1862 posse,
603 1779 666 1841 nisi
694 1778 780 1862 quod
809 1778 977 1860 aliquanto
1005 1777 1079 1859 plus
1107 1777 1282 1862 gravitatis
1311 1777 1400 1859 prior

252 1909 348 1969 quam
373 1886 476 1949 altera
500 1887 581 1949 arsis
606 1886 758 1967 cuiusque
778 1883 925 1967 dipodiae
945 1883 1072 1948 habeat.
1109 1883 1154 1948 Et
1173 1884 1315 1947 fortasse
1333 1905 1397 1947 non

251 1994 415 2057 aliamob
439 2014 585 2056 caussam
609 1991 696 2055 Trin.
721 2015 749 2055 v.
773 1991 816 2054 95
840 1994 954 2074 poetae
978 1991 1057 2054 haec
1081 1991 1252 2055 collocatio
1277 1991 1399 2073 placuit

251 2100 287 2164 Si
309 2102 465 2182 quidsuis
488 2121 535 2163 mc
555 2101 661 2179 secisse
684 2100 790 2162 inscite
811 2104 868 2161 out
890 2098 1024 2179 improbe
1046 2119 1122 2181 praa
1146 2119 1185 2161 ea
1209 2119 1310 2181 quam
1333 2120 1397 2161 non

251 2208 348 2270 mirer
372 2207 400 2270 si
424 2208 495 2290 quis
520 2209 685 2289 praestare
704 2205 833 2269 dixerit:
857 2206 894 2270 Si
916 2207 993 2286 quid
1011 2206 1117 2286 t'eca'sm
1138 2208 1198 2268 aas
1220 2227 1270 2268 mc
1293 2207 1398 2270 e'ascite

250 2319 305 2376 aut
328 2315 470 2396 iurprobe,
493 2319 528 2376 ut
551 2334 614 2396 qua
638 2314 746 2396 aptius
766 2314 987 2396 supprimatur
1006 2314 1087 2377 satis
1107 2312 1202 2377 axilis
1226 2333 1276 2376 mc
1299 2313 1397 2377 notio.

252 2419 454 2502 Quamquam
483 2421 593 2484 eadem
623 2442 699 2483 sane
726 2421 826 2484 ctiam
856 2422 902 2486 sic
930 2425 1015 2484 recta
1044 2420 1224 2485 delitescet:
1258 2419 1297 2484 Si
1323 2421 1399 2502 quid

250 2547 298 2589 mc
319 2529 379 2589 scis
399 2528 504 2607 fecisse
528 2578 534 2590 .
559 2578 565 2590 .
590 2577 627 2590 ..

704 2779 816 2825 orevr
841 2761 957 2838 XVII„

339 2903 544 2967 Paenultimo
578 2905 682 2987 capite
715 2904 753 2968 do
786 2903 1016 2969 vocabulorum
1053 2902 1166 2967 formis
1200 2904 1253 2987 egi
1290 2909 1394 2968 certos

250 3011 347 3093 pedes
371 3011 523 3074 metricos
552 3012 779 3094 aequantibus:
807 3014 953 3095 superest
981 3015 1017 3074 ut
1044 3010 1082 3073 de
1111 3010 1190 3093 ipsis
1222 3011 1394 3074 metricis

250 3116 410 3199 pedibus
439 3117 578 3200 dicatur,
606 3139 742 3201 quorum
770 3118 1006 3200 compositione
1030 3138 1139 3181 versus
1170 3117 1260 3181 fiunt.
1308 3117 1395 3193 Quae

250 3242 371 3304 genera
394 3245 466 3286 cum
490 3224 679 3307 plerumque
702 3247 769 3289 non
792 3224 872 3288 satis
897 3225 982 3289 inter
1011 3245 1045 3287 ae
1072 3223 1333 3309 distinguantur,
1359 3224 1395 3287 fit

250 3333 287 3391 ut
313 3329 417 3394 multa
444 3329 483 3393 de
512 3332 646 3415 pedibus
674 3333 915 3415 praecipiantur
938 3334 974 3396 ut
998 3331 1048 3395 vel
1072 3353 1144 3394 raro
1169 3331 1323 3394 admissis
1345 3330 1394 3394 vel

250 3457 383 3518 prorsus
414 3438 538 3521 vitatio,
571 3461 652 3521 quae
682 3438 716 3501 in
746 3439 833 3502 solas
863 3438 1095 3502 vocabulorum
1126 3437 1247 3502 formas
1280 3437 1395 3502 cadant

251 3544 422 3627 conpedes
442 3548 627 3627 aequantes.
665 3543 763 3608 Velut
781 3567 854 3609 cum
877 3545 1033 3629 plurimas
1057 3545 1223 3610 cautiones
1247 3544 1283 3607 in
1308 3545 1394 3608 iam·

249 3650 349 3714 bicis
378 3650 547 3714 senariis
576 3651 695 3714 habere
719 3653 925 3735 anapaesti
955 3674 1031 3716 usus
1056 3641 1184 3715 dicituri
1213 3651 1307 3734 pedis
1330 3651 1393 3734 qui-

249 3757 321 3820 dem
345 3758 543 3842 anapaestici
568 3780 644 3821 usus
668 3759 902 3842 propemodum
927 3759 1034 3822 nullas
1059 3758 1171 3841 habet,
1201 3758 1301 3843 longe
1324 3780 1393 3843 gra-

249 3865 398 3928 vissimas
422 3866 652 3929 vocabulorum
673 3867 962 3949 anapaesticorum,
987 3886 1102 3948 casque
1121 3864 1188 3927 fere
1208 3886 1393 3930 communes

248 3994 320 4035 cum
349 3971 594 4054 spondiacornm
619 3996 692 4036 usu:
721 3973 806 4056 quod
836 3976 949 4037 contra
977 3971 1137 4035 latissime
1161 3973 1277 4056 vagari
1302 3995 1394 4056 spon·

249 4079 331 4144 diaci
359 4080 448 4163 pedis
477 4080 661 4144 libertatern
692 4079 777 4143 iuter
805 4101 917 4143 omncs
946 4082 1083 4143 constat.
1131 4077 1176 4142 Vt
1199 4102 1268 4145 non
1293 4080 1394 4165 magis

248 4187 404 4270 exemplis
424 4209 505 4270 opus
525 4188 569 4251 sit
587 4188 704 4270 quibus
724 4190 945 4270 anapaestum,
965 4207 1063 4271 quam
1081 4185 1199 4269 quibus
1215 4188 1395 4271 spondeum

248 4292 401 4357 doceatur
420 4317 440 4358 a
459 4293 549 4357 nulla
572 4315 683 4358 versus
707 4298 798 4377 parte
822 4315 973 4377 umquam
994 4293 1156 4356 exclusum
1178 4316 1250 4357 esse
1270 4299 1397 4378 praeter

337 4467 361 4533 *l
382 4468 481 4538 l‘quod
500 4485 556 4522 uon
575 4469 710 4522 debebam
730 4469 868 4536 probare.’
890 4468 991 4537 Trin,·²]
