2992 5004
238 350 303 413 346
526 365 783 414 raonnsousss
807 367 854 412 us
877 365 1087 413 armorusvs

239 512 367 593 reperta
388 528 496 572 waes
513 509 649 573 meliorus
669 508 749 589 facit
771 531 800 574 v.
825 508 899 588 707,
926 507 978 572 vel
1002 507 1221 574 nominativos
1245 509 1388 592 pleraque

239 618 340 682 anna
363 615 415 698 29,
437 616 539 680 munis
561 615 701 680 mortalis
724 612 843 700 212.*)
860 651 899 660 —
924 614 1094 679 Postremo
1118 615 1272 700 qnoniam
1296 638 1387 700 prae·

240 724 334 788 video
353 722 422 788 fore
441 722 496 807 qui
515 723 554 786 de
572 724 595 786 d
611 723 668 787 illo
684 721 925 807 ‘paragogico',
947 723 982 787 in
1001 723 1085 807 quod
1109 722 1260 788 infestius
1283 746 1387 808 nuper

241 828 447 894 Hermannns
471 829 635 893 consuluit
657 829 759 913 praef.
782 829 817 894 in
841 829 957 894 Bacch.
981 851 1012 913 p.
1036 828 1099 895 VII
1123 830 1155 894 in
1180 830 1315 915 ipsaque
1339 832 1387 896 fa·

241 936 337 1001 bulae
359 935 454 1001 buius
478 937 651 1015 διορθώεει,
675 936 827 1000 iudicium
847 958 954 1001 meum
974 937 1193 1002 sciscitentur:
1216 938 1279 1002 etsi
1302 939 1388 1003 hanc

175 1070 229 1110 xor
242 1066 309 1108 rem
335 1043 491 1128 quasdam
515 1042 633 1107 habere
657 1042 823 1107 cantiones
847 1047 935 1127 puto,
954 1065 1034 1128 quas
1059 1043 1138 1107 alibi
1161 1044 1315 1130 aperiam,
1339 1049 1387 1109 ta-

242 1173 315 1216 men
346 1135 540 1236 generatim'
557 1150 683 1214 definiri
713 1149 775 1214 hoc
805 1154 914 1234 potest
944 1154 980 1215 ut
1009 1151 1321 1235 exploratissimum,
1354 1153 1388 1216 in

241 1258 426 1323 Plautinam
458 1261 560 1321 artem
592 1279 630 1322 ex
662 1257 868 1342 antiquitatis
897 1258 1126 1322 consuetudine
1156 1259 1226 1322 sola
1253 1260 1334 1324 med
1355 1263 1389 1323 et

242 1368 299 1431 ted
325 1365 517 1450 pronomina
546 1365 701 1429 transisse
728 1365 818 1429 nullo
847 1365 984 1430 ablativi
1013 1365 1252 1450 accusativiqne
1276 1365 1388 1430 discri-

241 1473 336 1557 mine,
360 1472 442 1538 alius
467 1473 555 1538 vocis
579 1473 691 1537 eodem
714 1473 911 1537 incremento
936 1476 1051 1538 auctae
1073 1473 1191 1538 nullius
1214 1473 1266 1537 vel
1289 1472 1387 1537 fidem

242 1581 292 1644 vel
320 1580 494 1665 vestigium
523 1602 607 1664 esse,
637 1602 678 1644 ne
706 1580 846 1664 gemella
873 1580 1002 1664 quidem
1028 1582 1082 1645 sed
1106 1580 1213 1644 forma
1242 1584 1386 1665 excepta.

243 1686 347 1763 Quam
371 1688 532 1753 rationem
556 1686 648 1751 unice
672 1707 781 1750 veram
803 1687 984 1752 rectissime
1003 1687 1089 1752 idem
1109 1688 1163 1751 ille
1183 1685 1388 1753 Hermannus

241 1817 300 1879 per
313 1797 420 1860 totum
434 1794 679 1860 Elementorum
694 1793 814 1857 librum
829 1795 969 1859 tenebat.
992 1794 1031 1859 In
1045 1794 1234 1860 Trinummo
1250 1795 1389 1860 addendi

241 1904 263 1968 d
284 1925 434 1967 caussam
457 1925 521 1967 non
545 1901 655 1966 inveni
678 1904 808 1984 praeter
831 1903 880 1966 ted
903 1924 929 1965 v.
950 1902 1029 1966 311:
1054 1924 1192 1985 quocum
1216 1902 1254 1966 cf.
1279 1907 1389 1969 annot.

161 2084 164 2089 p
241 2034 270 2075 v.
294 2010 368 2077 582.
393 2009 519 2096 613.**)
566 2007 628 2075 Sed
652 2007 704 2073 his
729 2008 833 2072 sentio
858 2031 909 2074 me
932 2009 998 2073 iam
1022 2010 1060 2073 ad
1084 2010 1268 2093 proximum
1293 2014 1390 2095 caput

243 2118 383 2182 avocari.
446 2145 448 2149 ⁴

723 2223 834 2270 carvr
857 2204 913 2271 IX.

330 2349 491 2413 Peculiari
526 2349 612 2413 enim
649 2348 754 2431 capite
789 2348 894 2413 visum
923 2352 973 2414 est
1001 2371 1102 2435 genus
1132 2371 1226 2414 omne
1254 2350 1390 2415 ortho-

245 2455 469 2541 graphicum
504 2455 616 2540 paucis
650 2455 830 2539 complecti.
882 2455 973 2532 Quod
1005 2479 1076 2521 eum
1107 2457 1200 2521 valde
1229 2457 1390 2523 lubricam

242 2565 470 2630 tractationem
495 2565 528 2628 in
553 2564 718 2646 omnibus,
746 2568 814 2627 tum
840 2565 946 2649 magis
970 2564 1128 2629 lubricam
1152 2565 1186 2628 in
1209 2568 1278 2628 tam
1302 2568 1389 2630 anti-

241 2694 305 2756 quo
335 2672 492 2756 scriptore
520 2671 627 2735 habet.
674 2669 722 2734 Ac
751 2691 859 2733 veram
884 2669 1055 2734 Plautinae
1084 2672 1201 2736 aetatis
1226 2672 1390 2737 scribendi

242 2777 506 2843 consuetudinem
535 2777 590 2862 qui
621 2776 845 2841 ratiocinando
868 2776 1055 2862 indagatam
1079 2777 1240 2842 Plautinis
1264 2801 1391 2844 comoe-

242 2886 303 2950 diis
333 2908 417 2950 nunc
446 2884 618 2949 obtrudere
646 2884 811 2966 instituat,
834 2883 1009 2948 verendum
1033 2885 1138 2950 sitne
1162 2908 1227 2950 non
1251 2886 1392 2951 multum

244 2993 394 3058 absimile
422 2991 565 3058 Homero
594 2991 762 3076 Payniano
791 2996 972 3056 monstrum
1001 2992 1144 3058 editurus
1174 2993 1224 3057 sit
1271 2993 1391 3070 Quam-

243 3123 340 3184 quam
369 3100 508 3164 vidimns
540 3099 595 3183 qui
619 3099 709 3162 velut
732 3098 783 3162 his
807 3102 973 3181 tamquam
997 3099 1163 3164 Musarum
1187 3101 1313 3166 deliciis
1338 3124 1390 3166 ve·

240 3205 402 3289 neriisque
426 3206 678 3271 amoenitatibus
702 3205 879 3289 legentium
904 3205 1005 3270 oeulis
1029 3206 1266 3274 blandirentur:

401 3330 550 3395 Floorem
575 3329 770 3414 aeglaabant
792 3327 937 3394 Leiberei
962 3352 1016 3394 exs
1041 3325 1241 3397 carehesieis.

400 3436 494 3521 Egoo
519 3458 653 3520 puerom
676 3435 786 3499 indam
811 3435 930 3499 ancilai
955 3435 1128 3501 lactentem
1152 3439 1245 3504 meai.

403 3544 485 3608 Tum
510 3548 617 3607 antem
642 3543 817 3607 laseeiuom
842 3539 978 3606 Neereei
1003 3543 1137 3608 seimom
1162 3567 1269 3629 pecus,

245 3669 305 3735 Sed
334 3671 385 3734 his
414 3670 522 3733 missis
553 3667 717 3732 Saliorum
745 3667 960 3732 cruditatibus
988 3668 1217 3756 horridulaque
1246 3677 1393 3737 senatus·

241 3778 462 3842 consultorum
496 3775 715 3840 sollemnitate
750 3775 1012 3839 columnarumve
1044 3778 1195 3861 robigine
1224 3777 1256 3842 id
1279 3780 1392 3862 potius

243 3906 376 3970 agamus
401 3888 450 3967 nt,
484 3883 610 3967 qualem
635 3883 801 3965 aliquanto
825 3882 959 3965 politior
982 3887 1071 3947 aetas
1095 3883 1245 3949 Plautum
1270 3884 1394 3970 legisse

243 3992 404 4074 videatur,
437 3989 542 4074 quoad
567 3990 634 4053 eius
658 3988 728 4052 fieri
753 3989 861 4072 possit
884 4011 1117 4073 recuperemus.
1163 3990 1277 4074 Neque
1302 3993 1391 4058 enim

245 4101 657 4201 Tse—sfcaelmannum
675 4129 705 4182 in
722 4128 803 4186 anr.
821 4146 849 4198 p.
870 4134 904 4183 tt
932 4130 1173 4200 Ritscheliumqnc
1192 4130 1293 4201 Opusc.
1321 4134 1392 4202 phil.

242 4220 266 4273 ll
308 4263 312 4272 .
351 4227 392 4274 31.
1300 4262 1303 4267 .

285 4227 351 4376 p⁸³⁸6)
372 4219 576 4378 [demutatam
595 4309 695 4376 postea
713 4308 883 4363 sententiam
898 4309 933 4363 ds
948 4309 1030 4363 dille
1047 4307 1242 4378 ‘paragogico’
1262 4308 1397 4367 defendit

241 4395 410 4450 Bitschelius
429 4394 458 4449 in
479 4395 568 4448 ‘Neue
587 4394 776 4449 Plautinische
797 4395 929 4451 Excurse'
946 4397 958 4449 I
978 4397 1051 4466 Lips.
1069 4403 1137 4452 1869
1158 4398 1187 4451 et
1207 4398 1309 4468 Opusc.
1321 4399 1395 4469 phil.

241 4485 280 4539 111
299 4502 327 4554 p.
348 4489 398 4537 120
409 4501 468 4552 sqq.
506 4484 546 4537 Ol.
566 4503 592 4553 p.
612 4498 698 4538 oxov.
719 4486 884 4556 cccrum]
906 4551 912 4561 ,
