2918 5004
477 342 709 390 1199999999
733 341 858 388 runnu.
1173 322 1240 386 665

93 489 155 554 hac
184 489 292 570 autem
321 485 373 550 via
402 485 531 550 demum
556 486 628 569 ipsa
650 484 740 550 notio
765 483 908 549 civitatis
932 483 1150 549 consummari
1172 504 1239 547 ore-

94 596 195 660 ditur:
224 594 318 660 facile
348 597 483 678 apparet
510 593 580 658 fieri
604 592 736 658 omnino
759 613 826 658 non
854 591 1013 677 potuisse,
1042 592 1119 675 quin
1141 591 1239 656 etiam

95 703 136 769 ad
159 701 417 768 academicorum
440 721 613 784 corporum
636 699 822 766 libertatem
842 697 931 764 1111119
952 699 1001 764 vis
1019 698 1240 764 conversionis

93 810 279 894 pertineret.
325 807 613 873 Verumenimvero
642 806 726 891 quod
754 807 825 871 fieri
854 805 974 891 ubique
1003 805 1038 870 in
1065 806 1161 870 rebus
1184 805 1242 870 hu·

95 917 198 982 manis
227 916 363 1000 assolet,
396 919 432 980 91
463 935 529 979 909
555 919 645 980 19919
672 914 738 998 via,
766 913 822 979 sed
849 935 907 998 per
934 912 1099 978 contraria
1128 914 1161 977 91
1188 935 1240 976 911·

94 1030 198 1090 trema
225 1026 317 1088 eatur
344 1022 384 1088 ad
411 1023 444 1088 id
474 1021 560 1108 quod
583 1021 627 1086 911
649 1020 828 1105 perfectum
854 1019 904 1085 vel
932 1042 952 1085 9
974 1019 1117 1104 perfecto
1141 1041 1240 1104 quam

95 1132 240 1216 proxime
268 1130 367 1195 absit:
400 1129 432 1195 id
460 1129 494 1194 in
521 1128 583 1194 hoe
611 1149 738 1213 quoque
766 1147 884 1212 genus,
912 1126 975 1191 nisi
1003 1126 1162 1211 fallimur,
1192 1128 1241 1193 ita

95 1239 195 1322 cadit,
227 1243 264 1304 111
291 1238 379 1302 19910
408 1236 504 1302 modo
533 1257 599 1301 909
626 1234 707 1300 satis
735 1238 864 1300 serrato
891 1234 1028 1299 nimium
1056 1234 1238 1301 detractum

96 1368 166 1411 esse
195 1346 234 1410 de
257 1343 422 1410 tralaticio
445 1344 514 1409 iure
538 1341 811 1426 universitatium,
838 1341 975 1406 nimium
1004 1344 1113 1407 autem
1137 1342 1240 1407 tribu·

95 1458 165 1518 tum
194 1451 351 1538 potestati
379 1450 522 1516 civitatis
549 1449 707 1515 videatur.
753 1448 840 1515 Nam
869 1449 897 1513 si
924 1470 1038 1514 verum
1062 1451 1125 1533 est,
1153 1448 1240 1534 quod

94 1583 154 1625 909
182 1558 312 1644 quidem
340 1581 400 1644 pro
428 1580 503 1624 vero
532 1558 764 1643 exploratoque
792 1556 964 1641 habemus,
992 1578 1100 1621 rerum
1124 1556 1240 1621 huma·

94 1690 209 1733 narum
233 1666 515 1752 gubernandarum
539 1664 934 1748 administrandarumque
954 1663 1092 1728 salutem
1112 1685 1239 1727 omnem

94 1796 111 1838 e
143 1774 283 1840 discordi
315 1774 487 1840 eoncordia
518 1774 623 1856 nasci,
655 1773 706 1837 vel
740 1777 776 1836 ut
808 1771 936 1856 planius
968 1770 1087 1854 dicam,
1120 1770 1240 1836 iurium

95 1881 339 1964 officiorumque
372 1880 435 1945 sibi
468 1880 692 1964 oppositorum
725 1883 758 1944 et
789 1878 915 1944 ratione
949 1900 1057 1944 secum
1092 1898 1240 1964 pugnan-

94 1990 176 2052 tium
209 1991 376 2072 tamquam
414 1987 553 2072 quodam
591 1986 784 2071 aequilibrio
806 1985 996 2051 contineri:
1033 2007 1098 2050 non
1131 1991 1241 2070 potest

96 2095 230 2160 dubium
266 2115 354 2179 esse,
391 2094 432 2159 ab
470 2094 736 2160 universitatibus
774 2094 903 2179 quidem
936 2092 1104 2179 pugnandi
1136 2092 1240 2159 multo

95 2204 201 2287 magis
224 2223 355 2267 caussae
379 2206 412 2267 91
434 2201 604 2267 conamina
632 2223 729 2287 quam
753 2222 919 2266 successus
944 2204 977 2265 et
999 2200 1153 2266 victorias
1176 2199 1240 2265 fre-

95 2311 252 2394 quentari.
299 2309 435 2393 Quodsi,
464 2309 581 2393 quibus
609 2309 817 2392 potissimum
845 2309 879 2374 in
907 2308 1004 2373 rebus
1031 2307 1130 2371 nimis
1154 2329 1241 2372 coer·

95 2418 178 2482 citae
205 2417 368 2482 libertatis
396 2438 463 2482 909
489 2417 614 2482 incerta
642 2416 795 2500 vestigia,
823 2414 878 2480 sed
910 2418 1024 2500 aperta
1047 2414 1241 2481 documenta

95 2530 282 2609 comantur,
306 2524 476 2610 quaeritis:
499 2525 576 2589 nolo
600 2524 641 2589 iis
665 2524 853 2589 vulneribus
876 2523 1053 2607 immorari,
1077 2546 1159 2608 quae
1183 2546 1239 2608 pa·

94 2654 166 2696 rum
199 2633 249 2697 vel
281 2632 439 2698 memoria
471 2632 583 2697 suavia
615 2632 667 2697 vel
700 2635 794 2717 grata
828 2635 1012 2698 memoratu
1039 2629 1240 2696 academicae

94 2738 238 2803 libertati
265 2759 324 2822 per
351 2736 559 2804 Germaniam
588 2738 726 2804 usitatae
753 2738 904 2803 luctuosa
937 2736 996 2802 illa
1024 2737 1153 2803 decreta
1180 2736 1239 2803 Oa·

96 2845 271 2910 rolinensia
294 2846 447 2911 inflixere.
485 2845 574 2922 Quae
593 2851 630 2910 ut
648 2845 720 2910 dira
737 2867 796 2910 nec
816 2844 981 2910 evitabilis
999 2845 1175 2909 necessitas
1195 2845 1241 2910 iu·

96 2953 171 3016 bere
195 2952 265 3016 visa
288 2956 352 3036 est,
374 2952 520 3037 ipsorum
543 2958 580 3017 ut
602 2952 731 3019 credere
753 2975 813 3038 par
837 2956 887 3017 est
910 2951 1151 3017 decernentium
1174 2975 1239 3018 non

96 3058 251 3125 mediocri
279 3058 402 3124 dolore:
430 3059 477 3124 ita
504 3081 633 3144 sperare
661 3060 740 3126 lieet
766 3059 836 3125 fore
864 3063 902 3124 ut
930 3064 1078 3124 cessante
1101 3061 1239 3126 necessi·

96 3171 164 3232 1919
188 3189 316 3231 rursum
339 3166 493 3232 terricula
516 3167 575 3232 1119
602 3167 807 3250 aboleantur,
834 3188 915 3251 quae
943 3166 1093 3252 suspicax
1121 3167 1240 3233 sollici·

96 3274 172 3340 tudo
202 3274 374 3339 coniuncta
401 3296 471 3339 esse
494 3296 567 3339 cum
591 3296 702 3339 recens
724 3274 877 3339 instituto
901 3295 1033 3339 munere
1056 3274 1241 3339 commisse·

96 3382 218 3446 riorum
242 3380 571 3446 extraordinariorum
594 3381 707 3447 voluit.
753 3382 897 3446 Aonius
926 3380 1069 3446 muneris
1092 3382 1239 3447 novitate

95 3487 158 3552 dici
186 3488 299 3571 nequit
326 3491 483 3573 quantum
511 3487 609 3553 distet
632 3487 875 3573 sapientissimo
899 3486 1074 3572 eodemque
1098 3488 1239 3553 saluber·

96 3595 177 3659 rimo
202 3595 337 3660 consilio
361 3616 427 3659 non
450 3599 563 3660 nostra
581 3594 710 3660 demum
729 3599 835 3661 991919
855 3594 1078 3679 009911191919,
1102 3594 1157 3660 sed
1176 3596 1240 3680 pri·

95 3701 169 3765 dem
192 3704 383 3785 usurpatum
405 3702 674 3768 cancellariorum
697 3702 748 3767 vel
777 3705 964 3767 curatorum
986 3725 1119 3768 munus:
1149 3703 1239 3768 cuius
1263 3776 1266 3781 ,

96 3810 219 3890 quanta
245 3808 289 3872 sit·
316 3808 567 3891 commendatio,
598 3808 772 3873 luculentis
799 3809 970 3894 exemplis,
1002 3813 1040 3873 ut
1066 3809 1100 3874 in
1128 3811 1240 3896 paucis

97 3913 288 3998 subsistam,
319 3914 409 3979 velut
436 3915 522 3980 alma
550 3914 692 4000 Georgia
718 3916 882 4000 Augusta,
909 3914 1240 4001 11999110-(19101199,

96 4019 281 4105 Ludovioia,
295 4020 473 4087 Fridericia
488 4021 663 4087 Guilelmia
676 4026 848 4107 testantur,
861 4023 1091 4088 illustrissimis
1105 4023 1239 4089 Manch-

96 4127 259 4211 hausenii,
290 4127 473 4212 Brendisii,
504 4127 752 4214 Reizensteinii,
783 4129 1003 4215 Grollmanni,
1032 4129 1240 4196 Humboldtii

96 4235 282 4301 nominibus
309 4237 379 4301 iure
407 4237 586 4322 meritoque
614 4237 803 4323 gloriantes.
847 4236 887 4302 In
914 4238 1031 4322 quibus
1059 4238 1138 4303 viris
1166 4260 1240 4303 cum

96 4366 155 4427 par
184 4345 283 4409 fuerit
311 4343 462 4430 generosi
491 4344 592 4409 animi
623 4344 804 4410 liberalitas
837 4347 933 4430 atque
965 4345 1090 4429 gloriae
1119 4345 1240 4412 nobilis

96 4450 271 4537 cupiditas,
307 4452 451 4538 ipsarum
488 4456 596 4517 autem
633 4452 818 4518 litterarum
850 4474 924 4517 cum
956 4453 1137 4520 divinarum
1169 4458 1240 4519 tum
