2918 5004
257 339 323 403 640
343 326 348 333 ’
614 329 867 404 'nararvrscns
892 355 1018 403 sunau.

258 499 391 582 cognitu
424 520 490 562 non
524 498 734 562 iniucundum
772 520 788 561 e
821 498 1047 563 communibus
1084 497 1216 561 litteris
1255 501 1413 564 tractaret

260 603 394 667 Iamiam
420 603 487 667 dies
512 605 710 669 constitutus
733 626 804 669 esse
827 605 975 690 publicae
998 603 1261 667 sollemnitatis:
1300 604 1412 668 fervere

257 734 329 775 cum
350 711 491 775 oratoris
511 733 592 795 opus
616 716 685 776 tum
709 710 909 776 invitatoris:
932 734 1005 775 eum
1029 711 1187 776 luctuosa
1215 718 1325 776 morte
1348 710 1412 775 Far·

257 837 376 883 numer
401 817 574 883 Gvrurranss
598 818 647 882 ΙΙΙ
678 819 782 884 omnis
813 819 945 883 illarum
976 841 1086 883 rerum
1118 817 1280 883 condicio
1313 817 1412 881 subito

259 931 404 991 mutatur
423 926 456 989 in
475 926 659 1009 recentique
678 931 711 990 et
730 948 806 990 vero
826 926 975 1012 graviore
994 948 1073 990 casu
1094 931 1301 991 cunctorum
1321 927 1410 989 animi

256 1032 350 1097 defixi
380 1032 614 1116 aliquantisper
642 1033 794 1116 repositis
817 1037 850 1097 et
873 1033 984 1097 dilatis
1013 1033 1172 1117 pristinis
1197 1033 1351 1098 consiliis
1372 1033 1409 1096 in·

256 1138 416 1222 tellegunt
446 1139 590 1223 propiori
620 1140 728 1204 officio
759 1122 1024 1205 satisfaciendum
1053 1162 1138 1205 esse.
1190 1141 1350 1225 Interim,
1377 1162 1409 1203 ne

258 1245 537 1312 Altensteinianae
566 1247 739 1312 memoriae
769 1247 870 1312 debiti
893 1247 1032 1312 honores
1056 1247 1167 1312 nimia
1192 1270 1294 1313 mora
1316 1247 1407 1312 tarda·

257 1356 378 1434 rentur,
401 1357 552 1437 coeptum
577 1354 818 1419 commentandi
842 1377 923 1438 opus
947 1354 1134 1419 continuari
1155 1355 1342 1439 perficique
1358 1355 1407 1418 ius·

258 1480 328 1522 sum
354 1463 416 1522 est:
439 1482 498 1524 nec
522 1461 608 1525 enim
632 1465 757 1526 aestate
780 1462 847 1525 iam
870 1466 1023 1546 vergente
1040 1461 1108 1542 otii
1135 1462 1224 1526 satis
1251 1465 1407 1547 supererat

258 1565 298 1629 ad
326 1565 444 1635 iustam
469 1566 659 1633 Memoriam
688 1567 968 1651 conscribendam,
1001 1567 1109 1651 qualis
1136 1590 1239 1652 sane,
1273 1569 1302 1632 si
1325 1568 1404 1633 omit

258 1672 373 1736 tendae
401 1673 549 1756 publicae
578 1675 733 1740 orationis
757 1675 934 1740 necessitas
957 1675 1145 1758 praevideri
1172 1676 1219 1740 ab
1245 1676 1341 1740 initio
1361 1697 1405 1759 po

222 1840 225 1843 .
258 1780 383 1862 tuisset,
407 1781 551 1846 omnium
571 1783 877 1848 convenientissima
896 1782 997 1846 videri
1016 1781 1190 1847 debuerat
1224 1781 1282 1848 Sic
1300 1783 1404 1847 facturn

258 1890 321 1969 est,
359 1891 394 1950 ut
426 1888 581 1952 levidensi
616 1889 806 1954 documento
840 1889 981 1953 studium
1015 1910 1054 1953 ao
1081 1890 1300 1955 voluntatem
1328 1911 1403 1954 suan

259 1997 355 2078 grata
378 1992 555 2060 Friderieia
579 1993 755 2061 Guilelmia
777 1995 935 2061 Rhenana
963 2018 1048 2061 nunc
1076 1999 1246 2082 testetur,
1278 2003 1313 2062 et
1335 1993 1405 2080 quod

225 2127 244 2164 v
261 2122 324 2165 nou
349 2103 428 2165 satis
452 2101 585 2186 dignum
610 2102 711 2167 tantis
735 2103 910 2167 virtutibus
935 2124 1005 2167 esse
1028 2102 1195 2187 videatur,
1222 2109 1404 2188 quantarum

260 2208 506 2273 admirationem
531 2210 725 2275 declaraturi
750 2233 868 2275 sumus.
905 2208 1120 2293 Quamquam,
1147 2211 1179 2273 si
1205 2210 1289 2275 lieet
1312 2231 1405 2275 vernn

259 2314 365 2398 fateri,
387 2338 452 2380 non
477 2320 544 2380 tam
568 2318 720 2401 alienum,
744 2339 841 2401 qnam
860 2316 1000 2399 cuipiam
1018 2314 1167 2381 fortasse
1189 2317 1352 2399 videatur,
1371 2318 1403 2379 ab

259 2420 351 2486 Illius
375 2422 581 2507 potissimum
602 2423 674 2487 Viri
697 2424 902 2509 praestantia
923 2422 1036 2487 haberi
1060 2423 1126 2487 hoc
1145 2424 1275 2509 ipsum,
1299 2426 1403 2508 inquo

260 2527 507 2613 elaboravimus,
530 2536 758 2614 argumentum
778 2531 887 2594 debet:
910 2529 1180 2614 quandoquidem
1203 2532 1259 2595 vix
1281 2536 1403 2611 exstant,
1452 2570 1453 2576 κ

260 2656 342 2718 quae
373 2658 445 2700 cum
470 2637 562 2701 lllius
593 2638 743 2702 laudibus
774 2637 893 2702 rectius
925 2658 1022 2721 quam
1052 2637 1231 2703 luculenta
1255 2636 1402 2703 Pisistrati

261 2740 503 2828 Ptolemaeique
532 2744 735 2828 Philadelphi
765 2745 912 2828 exempla
939 2747 1187 2827 comparentur.
1238 2746 1330 2822 Quos
1351 2744 1402 2818 llle,

260 2849 288 2912 si
313 2850 345 2915 in
370 2851 460 2936 regio
485 2852 556 2916 loco
580 2852 758 2918 collocatus
782 2851 908 2934 fuisset,
931 2850 1018 2915 haud
1043 2851 1112 2915 scio
1134 2874 1183 2916 an
1204 2854 1310 2918 etiam
1328 2873 1399 2935 supe

260 2962 372 3041 rasset,
400 2959 519 3024 iubae
543 2963 666 3043 autem,
698 2980 779 3043 quae
803 2960 832 3022 ei
856 2958 1009 3042 contigit,
1032 2958 1122 3022 vitae
1149 2961 1397 3027 condicionem

260 3065 332 3149 giae
362 3068 511 3151 proxima
538 3066 602 3131 dici
624 3070 734 3151 potest
757 3066 938 3130 aemulatus
962 3086 1031 3129 esse
1055 3063 1278 3132 felicissime:
1309 3071 1397 3132 tantus

261 3174 294 3237 in
317 3175 379 3239 Illo
404 3179 475 3241 erat
497 3197 563 3240 non
587 3197 678 3239 amor
701 3179 829 3239 tantum
854 3174 972 3237 artium
996 3172 1271 3259 litterarumque,
1294 3174 1346 3240 sed
1362 3173 1396 3235 lit

260 3284 349 3346 terae
372 3282 476 3367 ipsae,
506 3286 600 3346 tanta
627 3282 663 3345 in
690 3281 779 3367 omui
803 3301 920 3364 genere
945 3278 1067 3363 ingenii
1091 3279 1303 3366 liberalitas,
1328 3281 1396 3344 una

261 3411 369 3454 rerum
406 3389 735 3454 administrandarum
772 3387 1003 3471 intellegentia.
1067 3383 1395 3472 Circumspicitedun

260 3497 338 3581 quid
362 3497 405 3561 sit
429 3495 519 3580 illud,
542 3519 599 3561 cur
617 3495 702 3560 inter
722 3494 919 3560 cultissimus
938 3497 1050 3578 gentes
1070 3493 1305 3578 principatum
1322 3513 1396 3578 quen·

261 3604 335 3667 dam
364 3601 580 3666 Borussorum
608 3602 734 3667 civitati
762 3601 968 3667 consentiens
985 3621 1059 3667 ‚vox
1087 3598 1253 3687 Europae
1286 3601 1396 3667 tribuat

261 3710 322 3786 Qui
346 3710 547 3795 principatus
572 3731 643 3774 cum
668 3709 788 3794 duplici
812 3729 927 3793 genere
951 3706 1176 3772 contineatur:
1208 3731 1346 3794 quornm
1365 3703 1395 3767 al·

260 3822 366 3881 terum
394 3818 428 3881 in
457 3817 640 3882 litterarum
669 3818 814 3901 ipsarum
838 3815 917 3879 flore
940 3834 977 3878 ao
1001 3813 1121 3877 robore
1146 3817 1314 3899 cernitur,
1338 3813 1396 3878 ale

261 3943 333 3986 rum
357 3923 389 3986 in
408 3923 614 3987 institutione
633 3923 764 4006 publica
782 3942 841 4004 per
860 3919 1004 4004 singulas
1024 3919 1128 4002 ampli
1149 3921 1290 4009 imperii
1308 3929 1397 3991 tem

261 4032 371 4113 urbes,
406 4031 539 4114 oppida,
572 4050 675 4115 pagos
704 4029 917 4094 saluberrimo
945 4025 1081 4091 consilio
1112 4032 1338 4113 aequabiliter
1360 4048 1397 4111 ps

261 4143 363 4202 tente:
396 4137 455 4200 bas
487 4137 567 4201 duas
600 4158 652 4201 res
684 4157 793 4201 nonne
821 4135 966 4200 videmus
993 4133 1059 4196 iam
1090 4135 1199 4201 etiam
1239 4143 1398 4203 exterorum

262 4252 478 4328 quotcumque
502 4266 615 4328 sapere
640 4267 673 4308 se
697 4244 823 4326 volunt,
856 4240 1025 4322 admirari,
1053 4241 1271 4328 collaudare,
1301 4238 1399 4309 inimi

262 4373 326 4414 non
350 4352 419 4415 sine
444 4353 553 4435 aliqua
576 4350 718 4415 invidiae
739 4348 999 4433 significatione?
1023 4344 1128 4412 Cuius
1150 4353 1204 4415 rei
1227 4354 1399 4418 documento

263 4479 326 4521 non
354 4458 474 4521 mobile
502 4462 629 4522 tantum
659 4461 692 4521 et
720 4458 760 4553 ad
790 4454 1002 4541 praestabilis
1030 4477 1188 4542 quaeque
1215 4462 1326 4526 subito
1346 4475 1401 4522 eun
