2940 5004
386 342 457 390 nvo
482 342 743 413 eaocaaunara
768 344 953 390 enuvrrul.
1174 328 1239 392 553

97 487 169 551 dem
188 506 248 570 pro
267 484 353 548 virili
375 488 478 569 parte,
502 486 557 550 sed
581 485 716 550 eandem
739 508 804 551 non
828 491 1009 553 enarratam
1033 488 1142 572 potius
1165 487 1239 552 ube-

98 591 183 656 riore
198 591 446 657 ratiocinatione
460 614 557 676 quam
572 592 662 657 brevi
680 592 818 658 fontium
838 594 957 659 indicio
975 595 1023 659 ita
1042 595 1240 678 adnotatam,

97 739 226 745 ——---
234 737 309 744 v..—

96 821 164 858 nnm
183 804 306 859 rationes
324 802 463 859 vobismet
481 803 548 873 ipsis
566 804 767 859 committimus
786 805 969 876 indagandas.
1002 806 1034 860 ln
1053 823 1108 875 quo
1127 805 1240 874 quidem

97 891 211 963 negotio
234 910 290 948 non
309 893 369 948 sine
387 894 485 963 aliquo
503 911 632 949 successu
651 895 847 964 elaborabitis,
875 895 900 948 si
918 897 948 950 et
965 895 1088 966 exempli
1105 894 1239 949 memine-

97 981 172 1050 ritis,
200 982 275 1051 qnod
297 982 509 1054 interpretanda
527 983 690 1040 Trinummo
714 985 821 1041 duobus
845 987 911 1040 ante
935 984 1016 1039 annis
1034 983 1240 1055 proposuimus,

98 1073 128 1126 et
145 1088 179 1126 ea
197 1073 349 1141 praecepta
366 1071 403 1125 ad
420 1071 500 1125 illam
518 1070 617 1126 Militis
636 1088 767 1127 scaenam
785 1072 1042 1140 accommodaritis,
1065 1071 1165 1142 quibus
1188 1072 1239 1127 cri-

98 1161 184 1217 ticam
203 1163 293 1216 artem
313 1177 423 1217 omnem
438 1163 467 1214 et
480 1160 718 1216 hermenenticam
734 1159 871 1216 contineri
885 1178 935 1232 per
948 1161 1105 1231 proximam
1118 1162 1241 1217 hiemem

97 1250 249 1306 docuimus.
286 1251 345 1306 Nec
370 1253 466 1306 tamen
491 1250 520 1305 id
546 1250 607 1305 fieri
630 1250 689 1305 sine
715 1250 794 1306 brevi
817 1250 963 1306 notatione
987 1251 1085 1306 critica
1107 1252 1240 1323 potuerit,

99 1356 162 1408 qua,
180 1338 248 1408 qnid
266 1356 377 1409 quoque
396 1340 458 1395 loco
477 1339 563 1395 dubio
582 1339 716 1409 scriptum
734 1338 800 1394 libri
819 1342 942 1413 teneant,
961 1356 1030 1409 qnos
1045 1339 1167 1395 sinceros
1181 1340 1240 1395 ton·

97 1430 140 1482 tes
169 1427 351 1498 cognovimus
379 1427 573 1484 Plautinarum
600 1429 771 1498 fabularum,
800 1429 941 1484 vobiscum
971 1427 1240 1485 communicarimus.

98 1516 243 1572 Eiusmodi
261 1516 348 1572 libros
368 1535 433 1574 mss.
452 1517 617 1574 meministis
635 1520 692 1573 tres
712 1521 833 1574 exstare:
857 1519 1073 1573 Ambrosianum
1092 1518 1241 1589 palimpse-

98 1608 172 1659 stum
191 1607 245 1674 (α),
273 1608 303 1660 et
327 1606 376 1675 qni
402 1609 543 1663 communi
561 1607 753 1663 Palatinorum
779 1607 825 1662 vel
844 1607 1102 1663 Camerarianorum
1128 1607 1241 1678 nomine

98 1694 383 1764 comprehenduntur,
412 1697 541 1752 Veterem
561 1696 692 1753 Codicem
711 1714 784 1751 nunc
803 1697 971 1752 Vaticanum
991 1699 1029 1766 (β)
1048 1697 1240 1752 Decnrtatum·

98 1799 153 1852 qne
171 1783 436 1855 Heidelbergensem
457 1788 503 1856 (γ).
540 1787 613 1841 Nam
637 1786 685 1855 qni
703 1788 850 1857 praeterea
867 1804 923 1842 non
941 1786 1043 1857 exiguo
1063 1803 1177 1841 numero
1197 1802 1241 1841 co·

98 1872 174 1928 dices
193 1873 317 1928 Plautini
336 1875 448 1929 exstant
464 1875 575 1930 fabulas
594 1876 645 1930 Xll
665 1875 833 1946 posteriores
852 1875 1083 1945 complectentes,
1108 1873 1138 1927 hi
1157 1875 1207 1928 aut
1225 1891 1240 1929 e

99 1961 210 2017 novima
237 1963 397 2018 recensione
424 1963 589 2033 prodierunt
615 1979 668 2018 nec
695 1963 784 2018 ullam
812 1964 1010 2019 auctoritatem
1042 1963 1160 2033 habent,
1192 1965 1242 2017 aut

55 2119 57 2122 Α
99 2068 211 2120 prorsus
232 2069 295 2106 cum
313 2050 543 2122 Heidelbergensi
562 2052 754 2121 consentiunt,
778 2055 810 2107 nt
828 2051 982 2108 Vaticanus
1000 2051 1048 2106 ille
1066 2051 1103 2107 ab
1122 2051 1241 2106 lordono

99 2139 200 2195 Vrsino
224 2140 292 2196 olim
315 2158 459 2213 possessus
481 2158 534 2196 uec
558 2143 651 2196 aetate
676 2142 767 2198 minor
790 2140 1034 2213 Heidelbergensi,
1061 2141 1107 2195 vel
1131 2158 1164 2196 ex
1186 2142 1241 2196 hoc

99 2229 255 2300 descriptus
279 2247 351 2287 saec.
370 2246 413 2286 xv
436 2231 685 2287 Laurentianorum
709 2250 791 2300 unua,
815 2232 860 2287 vel
884 2249 993 2286 rursum
1016 2247 1050 2285 ex
1069 2231 1123 2286 hoc
1142 2230 1240 2285 ductus

98 2319 275 2374 Florentinns
294 2319 423 2390 quidam,
441 2336 524 2389 quem
542 2322 639 2376 nostro
658 2337 721 2376 aere
740 2320 769 2375 in
788 2320 900 2375 Etruria
918 2318 974 2391 ipsi
992 2319 1118 2376 emimus
1146 2321 1266 2389 Atquer

99 2408 169 2463 adeo
192 2426 226 2464 ex
250 2409 347 2464 eodem
370 2411 425 2466 hoc
443 2410 521 2464 fonte
540 2410 711 2480 interpolata
728 2410 780 2466 illa
797 2428 881 2479 quam
901 2410 1021 2465 diximus
1040 2409 1164 2465 recensio
1182 2426 1240 2463 ma·

98 2497 184 2552 navit.
222 2498 276 2553 Sed
294 2500 390 2554 tamen
408 2503 464 2554 tres
483 2499 548 2555 illos
566 2499 614 2569 qni
632 2501 707 2555 inter
725 2517 819 2556 omnes
838 2501 963 2555 eminent
979 2501 1071 2555 fontes
1089 2500 1170 2568 quasi
1189 2499 1240 2553 dil-

99 2585 180 2640 iundi
197 2585 227 2640 in
245 2589 378 2656 quattuor
396 2588 471 2644 rivos
490 2589 606 2644 dixeris:
626 2589 852 2660 qnandoquidem
870 2590 958 2644 Vetus
973 2586 1066 2643 Codex
1081 2588 1241 2657 Camerarii‚

100 2677 166 2746 post
194 2675 398 2744 Generatim,
426 2677 589 2747 Gruterum,
616 2677 735 2732 Peneum
759 2693 776 2731 a
798 2676 880 2733 nobis
903 2677 1015 2732 demum
1039 2676 1190 2747 diligenter
1209 2679 1242 2732 et

98 2764 181 2835 plene
201 2781 341 2833 excussus,
360 2767 418 2820 tam
437 2765 611 2834 frequentem
630 2766 739 2835 antiqui
758 2766 922 2821 correctoris
941 2782 1054 2821 manum
1072 2782 1171 2837 passus
1190 2769 1240 2836 est,

101 2855 132 2908 ut
149 2871 200 2924 pro
220 2854 327 2909 duobus
345 2854 425 2909 libris
443 2855 503 2910 inre
521 2857 690 2910 numeretur.
718 2855 781 2910 Non
800 2855 878 2909 cadit
894 2856 948 2911 hoc
965 2855 994 2910 in
1010 2873 1104 2911 omnes
1117 2855 1240 2911 fabulas:

100 2942 148 2997 sed
167 2945 277 3012 praeter
296 2943 366 2999 alias
384 2943 519 3014 quasdam
538 2944 615 2999 cadit
632 2943 661 2998 in
680 2943 807 2999 Militem.
844 2943 939 2998 Facile
957 2945 1053 2998 autem
1072 2944 1144 3000 ratio
1163 2945 1240 3001 bina-

101 3049 162 3085 rum
180 3048 313 3087 manuum
337 3032 449 3088 illarum
469 3049 538 3102 quae
558 3033 705 3102 qualisque
724 3033 762 3087 sit
779 3032 952 3103 perspicitur.
992 3033 1081 3105 Saepe
1100 3034 1242 3103 antiquior

99 3137 197 3175 manus
216 3121 337 3190 vestigia
355 3122 413 3177 veri
432 3122 560 3190 quamvis
578 3121 674 3177 tenuia
688 3122 733 3177 vel
752 3123 902 3177 obscurata
921 3123 1051 3191 servavit,
1069 3139 1187 3193 quorum
1205 3141 1240 3179 ne

100 3211 198 3266 umbra
223 3209 336 3280 quidem
363 3213 490 3280 superest
514 3211 544 3266 in
567 3211 658 3267 altero
677 3210 819 3268 Palatino:
852 3228 935 3281 saepe
958 3212 1013 3265 hoc
1031 3214 1075 3266 est
1092 3212 1241 3269 manifesto

100 3298 285 3370 depravatior.
323 3300 475 3369 Vtriusque
499 3299 609 3369 generis
632 3301 784 3371 scripturas
806 3301 928 3372 secunda
950 3317 1048 3356 manus
1067 3302 1186 3356 mutavit
1204 3301 1240 3355 ad

100 3388 172 3444 alius
195 3389 300 3444 codicis
323 3390 495 3461 exemplum,
519 3389 568 3458 qni
591 3388 750 3444 simillimus
772 3390 829 3446 fuit
846 3390 1089 3460 Heidelbergensis
1108 3389 1181 3445 libri.
1218 3390 1240 3444 E

101 3494 155 3546 quo
173 3481 300 3549 apparet,
318 3479 447 3548 quotiens
461 3495 525 3534 vere
545 3481 679 3548 correcta,
697 3479 800 3535 totiens
819 3479 877 3535 tere
896 3479 987 3551 magis
1005 3481 1092 3535 etiam
1111 3482 1242 3549 corrupta

102 3567 195 3621 Plauti
215 3566 299 3620 verba
317 3584 403 3621 mann
421 3566 471 3621 illa
485 3566 675 3624 emendatrice
689 3584 758 3623 esse.
771 3574 773 3579 '
787 3568 874 3624 Simul
890 3567 1055 3639 intellegitis
1070 3587 1119 3624 cnr
1133 3586 1241 3626 summo

104 3671 189 3725 opera
206 3653 235 3707 id
255 3654 454 3725 studuerimus,
477 3658 510 3711 ut
527 3673 608 3713 erasa
625 3657 670 3712 vel
689 3658 784 3727 aliquo
803 3658 886 3714 modo
904 3659 1000 3713 fucata
1017 3658 1125 3729 primae
1143 3676 1241 3713 manns

101 3743 221 3812 vestigia
243 3758 413 3798 erueremus:
442 3745 517 3814 quod
542 3746 717 3817 paucissimis
739 3747 850 3801 tantum
872 3748 902 3801 in
919 3730 994 3803 'locis
1013 3744 1125 3817 prorsus
1144 3748 1241 3819 despe-

101 3833 218 3887 randum
237 3831 299 3885 tuit.
336 3831 441 3898 Quodsi
463 3833 493 3888 in
516 3835 570 3890 hoc
593 3852 694 3905 genere
718 3853 789 3905 quae
808 3837 865 3908 legi
883 3837 961 3892 nullo
980 3837 1062 3893 modo
1081 3840 1241 3908 potuerunt,

101 3921 212 3991 punctis
231 3920 322 3977 notari
341 3938 404 3976 raro
423 3924 583 3992 oportebat:
603 3924 692 3980 multo
711 3927 805 3980 tamen
824 3925 973 3995 difficilius,
992 3925 1059 3995 quid
1077 3926 1106 3981 in
1125 3927 1243 3982 ambros

100 4012 178 4067 siano
205 4011 340 4082 scriptum
365 4013 416 4065 aut
440 4029 496 4066 non
519 4011 652 4082 scriptum
678 4013 721 4067 vel
745 4016 820 4069 esset
841 4014 886 4081 vel
909 4032 969 4070 esse
992 4014 1145 4084 videretur,
1173 4015 1242 4069 satis

101 4100 258 4171 significare
279 4117 353 4155 nnnc
375 4101 464 4155 licuit
506 4101 580 4156 Nam
603 4119 666 4157 cum
689 4102 847 4159 litterarum
869 4103 1033 4175 fragmentis
1061 4107 1090 4160 et
1115 4104 1241 4174 apicibus

101 4190 245 4246 imitandis
273 4190 349 4245 haud
378 4207 460 4260 pares
488 4207 589 4261 operae
617 4193 726 4259 essent,
754 4192 891 4248 eiusmodi
918 4193 1028 4248 litteras
1055 4209 1167 4263 prorsus
1195 4192 1241 4248 hic

102 4278 231 4334 omittere
256 4295 407 4349 earumque
432 4278 524 4348 spatia
542 4282 653 4334 tantum
671 4297 816 4336 numerare
836 4282 925 4336 coacti
944 4281 1055 4337 fuimus.
1093 4281 1242 4337 Praeterea

101 4385 157 4421 non
184 4369 229 4422 est
255 4367 368 4423 silentio
395 4367 688 4438 praetermittendum,
718 4368 826 4437 aliquot
851 4370 1008 4439 praeclaras
1033 4370 1241 4426 emendationes

103 4454 254 4512 Godoiredi
269 4457 422 4513 Hermanni
440 4457 637 4514 benevolentia
654 4457 735 4513 nobis
755 4458 946 4529 suppeditatas
965 4462 1032 4515 esse.
1057 4460 1146 4547 ¹Quem
1164 4461 1188 4516 si
1206 4461 1240 4516 de
