2940 5004
413 373 676 423 euauoarrcrus
701 375 908 422 rusvrmxe.
1171 357 1236 422 493

455 449 472 479 0

92 525 133 605 et,
161 521 193 586 id
222 521 358 586 eandem
387 520 546 585 rationem
568 519 667 585 habet
691 543 728 585 ac
752 521 779 584 si
804 543 862 586 nos
886 521 928 584 du
951 518 1030 583 oriola
1053 520 1239 603 pronuntia-

94 651 179 713 mus,
211 629 340 693 etiamsi
374 629 541 712 oppositas
574 650 643 693 esse
676 651 831 712 personas
865 629 1022 693 volumus.
1075 626 1239 711 Imprimis

95 735 226 801 evidens
254 736 435 819 exemplum
467 734 568 800 habes
596 735 663 800 Mil.
687 734 744 818 IV,
767 737 797 820 3,
820 738 877 800 31:
911 736 993 816 Quin
1024 738 1053 799 si
1082 736 1240 798 uoluntate

92 844 181 925 udlct,
203 844 243 906 ui
265 842 430 906 extrudam
451 842 547 921 foros.
581 842 706 907 Horum
727 843 828 927 igitur
848 842 1060 907 similitudine
1078 840 1159 906 nihil
1179 842 1238 905 im-

94 950 185 1035 pedit
203 951 374 1033 quominus
395 950 492 1013 etiam
508 948 624 1014 Bacch.
638 950 704 1013 403
721 950 814 1029 [435]
830 949 993 1032 proditum
1016 949 1051 1012 in
1074 949 1239 1013 codicibus

94 1058 265 1121 verborum
285 1057 430 1122 ordinem
449 1062 611 1122 tueamur:
634 1057 765 1138 Prdptcr
778 1077 829 1120 me
851 1055 924 1119 duc‘c
945 1078 1028 1120 rruuc
1050 1047 1116 1121 noio
1138 1055 1239 1120 sodali

92 1166 154 1227 dici
183 1164 353 1228 discrucior
382 1166 487 1247 miser,
518 1165 573 1229 ubi
605 1163 735 1245 Prdpmr·
763 1164 818 1226 ure
845 1167 997 1247 expetens
1029 1162 1238 1227 Hermannus

93 1271 166 1335 tuac
197 1271 400 1353 transposuit
432 1275 508 1354 post
538 1272 648 1335 sodali.
694 1270 741 1334 Ac
774 1270 850 1334 licet
882 1270 962 1334 haec
993 1293 1125 1354 prorsus
1154 1292 1238 1334 com-

93 1401 208 1462 parare
238 1399 311 1442 cum
341 1379 467 1462 graecis
498 1379 669 1461 exemplis:
702 1378 790 1441 velut
821 1400 892 1441 cum
925 1382 1021 1441 acuta
1052 1380 1092 1456 μή
1126 1377 1240 1440 vocula

94 1509 166 1550 oum
190 1485 294 1549 vocali
319 1485 439 1549 coaluit
462 1486 496 1549 in
519 1487 545 1549 εἰ
561 1488 605 1569 δὲ
629 1489 687 1565 μή,
712 1486 755 1549 οὐ
780 1486 883 1564 λείψω
907 1487 985 1548 ποτέ
1011 1489 1044 1548 et
1067 1485 1093 1549 εἰ
1118 1486 1153 1547 δὲ
1178 1486 1237 1563 μή,
1252 1505 1366 1546 ccuxvr

94 1593 401 1657 circumiacere.
447 1591 516 1656 Nec
544 1592 705 1657 diversam
734 1592 893 1656 rationem
917 1591 1080 1674 bisyllaba
1103 1612 1240 1673 sequun-

94 1705 155 1782 tur,
179 1721 261 1782 quae
285 1702 456 1782 postquam
477 1698 626 1784 legitima
644 1701 784 1784 synizesi
803 1700 890 1764 facta
910 1703 987 1763 sunt
1004 1697 1240 1781 monosyllaba,

94 1828 222 1869 rursum
245 1828 317 1870 cum
340 1807 488 1888 proxima
511 1827 590 1871 voce
614 1811 741 1871 coeunt:
766 1828 831 1871 nou
855 1806 956 1889 igitur
979 1826 1087 1870 carere
1107 1807 1240 1868 accentu

95 1913 263 1977 dicendum
291 1913 358 1976 vim
386 1913 564 1977 sententiae
593 1913 756 1977 sustinens
783 1935 816 1976 eo
845 1934 1024 1996 pronomen
1046 1910 1136 1974 Trin.
1161 1912 1239 1974 852:

94 2005 260 2083 eternam
283 2021 411 2084 dducait
434 2019 486 2102 [cf.
510 2043 540 2103 p.
564 2019 653 2102 399}
700 2017 851 2083 Ceterum
884 2020 978 2084 facile
1009 2039 1093 2082 nunc
1116 2016 1241 2081 intelle-

95 2127 184 2210 gitur
206 2127 304 2190 etiarn
325 2127 358 2190 in
378 2115 599 2210 thesi'positis
619 2125 775 2209 parilibus
794 2125 1070 2192 contractionibus
1088 2115 1125 2206 ti,
1148 2114 1241 2205 ocius,

95 2225 194 2316 trium,
222 2234 250 2297 si
274 2256 293 2297 a
316 2234 481 2298 vocalibus
506 2234 720 2317 excipiantur,
749 2233 982 2316 synaloepham
1013 2232 1120 2315 potius
1145 2253 1240 2314 quam

95 2340 262 2405 elisionem
277 2340 492 2404 adhibendam
508 2363 591 2405 csse:
613 2341 660 2404 rei
673 2341 864 2423 dryumealo,
882 2361 947 2403 meo
960 2340 1124 2422 orbitratu,
1146 2340 1241 2402 occisa

93 2447 145 2526 sui
167 2446 232 2530 dac,
257 2451 289 2510 et
308 2469 390 2530 quae
409 2448 535 2533 reliqua
549 2470 647 2531 supra
662 2447 983 2511 commemoravimus
998 2470 1028 2530 p.
1043 2463 1122 2511 cmv
1138 2444 1241 2527 [399].

185 2553 307 2630 Quodsi
332 2553 380 2617 vel
405 2555 451 2618 sic
475 2554 634 2637 quaedam
656 2554 771 2618 relicta
795 2559 883 2636 sunt,
907 2575 1102 2637 quamquam
1127 2574 1164 2615 ea
1183 2575 1240 2615 nu·

97 2681 186 2723 mero
205 2682 316 2744 pauca,
339 2682 421 2746 quae
440 2682 514 2723 cum
532 2661 674 2724 notionis
694 2661 857 2745 gravitate
877 2660 1019 2745 insignia
1038 2660 1113 2741 sint,
1131 2663 1241 2722 tamen

95 2787 154 2830 nec
181 2772 348 2832 accentum
371 2768 531 2851 recipiant
552 2788 611 2830 uec
640 2789 750 2831 earum
775 2789 854 2849 quas
879 2766 1111 2851 explicavimus
1135 2765 1241 2829 defen·

97 2875 224 2938 sionum
255 2875 413 2958 aliquam:
446 2873 678 2948 recordandum
711 2878 761 2937 est
790 2872 875 2956 quod
906 2873 947 2936 ab
978 2873 1070 2937 initio
1103 2871 1240 2935 diximus

97 2987 285 3046 accentuum
305 2982 538 3064 notionumque
558 2980 800 3044 convenientiae
819 2981 933 3063 poetas
953 2984 1136 3063 quantum
1154 3001 1241 3062 pos·

97 3093 182 3152 sent
205 3089 376 3153 studuisse.
422 3085 533 3171 Neque
557 3087 642 3150 enim
666 3086 794 3150 eosdem
819 3085 988 3149 celandum
1013 3090 1062 3149 est
1085 3085 1242 3149 nonnulla

96 3197 189 3260 vivae
219 3196 289 3261 voci
318 3195 528 3259 recitantium
561 3194 727 3278 reliquisse
760 3197 887 3276 praeter
919 3195 1002 3257 ictus
1035 3215 1241 3258 numerorum

97 3303 239 3366 acuenda
266 3307 362 3386 atque
391 3303 579 3368 extollenda,
626 3301 695 3367 Nec
723 3301 869 3385 profecto
894 3301 1091 3384 mirandum,
1120 3299 1242 3384 aliquid

97 3409 135 3471 de
166 3431 310 3473 summae
342 3410 524 3474 severitatis
556 3408 740 3473 constantia
769 3429 824 3471 eos
855 3409 1029 3491 remisisse,
1062 3407 1178 3491 quibus
1209 3411 1243 3470 et

98 3516 310 3598 grammatico
330 3537 403 3579 cum
423 3515 609 3599 rhythmico
629 3520 761 3579 accentu
781 3514 997 3578 consociando
1013 3519 1047 3576 et
1059 3512 1241 3595 rhythmico

99 3625 231 3686 accentu
262 3643 334 3687 cum
365 3622 472 3705 logico
503 3623 708 3707 exaequando
740 3621 879 3686 maiores
912 3625 1021 3685 essent
1054 3641 1151 3704 quam
1183 3618 1242 3682 ulli

98 3729 312 3811 posteriorum
344 3730 544 3794 saeculorum
574 3734 689 3813 poetae
721 3729 929 3794 difficultates
960 3726 1174 3812 superandae:
1207 3729 1242 3789 ut

99 3834 204 3897 multo
223 3835 328 3919 magis
348 3835 496 3900 miranda
515 3836 559 3899 sit
578 3840 674 3919 atquc
694 3835 883 3900 admiranda
902 3834 1099 3918 exceptionis
1114 3834 1240 3897 raritas.

97 3939 204 4005 Huius
219 3963 346 4025 quoque
361 3943 487 4027 generis
502 3942 702 4007 notabiliora
716 3943 875 4026 quaedam
890 3943 1032 4006 afferam.
1061 3939 1113 4003 Sic
1129 3944 1242 4005 contra

97 4048 301 4132 rhythmicos
329 4051 413 4113 ictus
436 4049 523 4114 Trin.
547 4073 575 4113 v.
600 4051 642 4113 65
665 4049 850 4113 recitandus
879 4054 942 4111 est:
969 4048 1089 4129 Edepol
1111 4048 1243 4128 proinde

97 4161 133 4219 ut
154 4158 218 4221 diu
240 4158 370 4239 circitor,
393 4157 477 4220 benc
499 4157 629 4220 uiuitis.
666 4155 758 4231 Quod
777 4155 906 4239 quidem
929 4154 1025 4218 facile
1048 4153 1244 4238 perspicitur

99 4286 165 4328 non
193 4265 336 4347 potuisse
365 4264 431 4329 ullo
460 4267 556 4347 pacto
587 4261 682 4327 aliter
705 4263 845 4345 institui,
873 4263 901 4326 si
925 4263 1020 4326 modo
1044 4262 1106 4326 hac
1129 4262 1179 4325 vel
1203 4262 1243 4325 si·

101 4370 316 4436 militatione
341 4373 429 4435 illam
454 4345 558 4454 ipsam
582 4370 776 4433 seutentiam
801 4370 912 4433 efferre
935 4374 1032 4452 poeta
1055 4369 1162 4452 vellet,
1185 4390 1243 4431 nec

99 4499 230 4560 prorsus
255 4479 327 4541 aliis
352 4478 457 4543 verbis
482 4476 638 4560 quaesitis
658 4477 753 4560 plane
773 4476 934 4564 diversam
953 4475 1241 4541 conformationem
1257 4499 1382 4539 cccxvu
