2910 5010
247 327 311 391 (386
601 340 831 389 nsusmrscun
855 339 1040 388 cumcurn.

338 484 391 550 Sic
413 484 503 548 ΤΙΒΙ
528 485 593 549 iam
617 485 739 549 faveat!
778 485 832 568 qui
857 506 951 549 carus
974 486 1089 548 nostru
1112 482 1274 548 sacerdos

405 591 589 678 lugrcdcris
613 590 722 657 Olario
745 592 870 676 templa
893 591 1000 656 dicata
1022 589 1108 672 Deo;

335 698 441 763 Parus
465 699 605 783 quidem,
627 698 742 781 fateor,
766 697 821 762 sed
845 697 961 781 priscis
984 697 1117 782 cognita
1142 697 1277 780 saeclis,

406 804 582 871 Caeruleus
606 804 767 871 celebrem
790 827 854 890 qus
877 807 966 869 secat
987 803 1082 868 Albis
1105 802 1261 868 humum.

335 910 486 997 Amplius
509 912 589 977 haec
612 933 670 996 per
695 912 764 995 Tu,
787 911 879 976 nulla
901 911 1064 976 labefacta
1086 911 1194 994 ruina,

407 1018 604 1104 Exsurgant,
627 1018 728 1084 radiis
752 1018 981 1103 conspicienda
1003 1019 1105 1083 novis,
1128 1040 1130 1042 ·

338 1123 390 1191 Sic
414 1126 487 1191 urbi
511 1126 630 1191 veteris
655 1126 821 1192 doctrinae
844 1126 933 1191 fama
956 1125 1091 1210 vigebit,

406 1230 554 1297 Proferet
577 1235 610 1295 et
633 1232 785 1297 meritum
809 1231 963 1298 Leucoris
987 1231 1073 1296 alma
1096 1230 1206 1296 decus.

337 1442 398 1509 Sed
422 1444 491 1527 Tv,
515 1467 611 1530 quem
634 1447 760 1532 gremio
783 1447 963 1513 laetissima
985 1449 1073 1510 terra
1095 1444 1241 1528 recepit,

408 1551 435 1616 Ο
460 1552 556 1637 salve,
580 1558 712 1618 nostrae
735 1554 791 1618 lux
815 1555 1028 1638 columenque
1052 1550 1201 1616 scholae!

338 1657 439 1734 Quem
462 1658 611 1723 iuvenem
635 1660 797 1745 quondam
820 1659 958 1725 nutrivit
980 1658 1091 1743 Lipsia
1115 1658 1218 1742 clara,

407 1763 504 1830 Fovit
527 1769 559 1830 et
581 1767 616 1831 in
639 1772 728 1832 custo
753 1767 849 1833 docta
871 1766 1017 1832 Minerva
1040 1766 1122 1831 sinu.

336 1871 426 1957 Ergo
449 1872 530 1937 hacc
552 1872 711 1939 Phoebeis
734 1875 885 1959 oleagina
908 1876 995 1940 serta
1018 1872 1149 1938 corollis

409 1978 554 2063 Addidit,
577 1984 610 2045 et
632 1981 733 2046 tinxit
755 1985 885 2047 nectare
908 1981 1000 2047 labra
1022 2001 1090 2045 suo.

338 2083 444 2150 Huius
469 2089 501 2150 et
524 2086 688 2152 Aonidum
711 2088 877 2154 consortia
901 2092 995 2174 grate
1019 2108 1168 2153 sororum

407 2190 469 2257 Hic
493 2214 622 2279 quoque
646 2194 772 2260 defesso
797 2194 889 2260 dulce
913 2195 1060 2260 levamen
1084 2196 1190 2257 erunt

336 2296 472 2362 Praesto
496 2321 624 2384 semper
646 2305 750 2385 erunt,
773 2323 830 2366 seu
852 2301 906 2365 ΤΕ
929 2300 1060 2367 Nasone
1083 2300 1218 2365 iubente

405 2404 543 2471 Duxerit
565 2408 599 2471 in
623 2408 722 2473 valles
745 2408 862 2474 fertilis
886 2408 1003 2475 Henna
1025 2430 1143 2491 sacras,

337 2506 399 2574 Seu
424 2519 582 2578 memoret
605 2513 682 2599 Cyri
704 2515 887 2599 Xenophon
911 2515 1025 2580 fatalia
1047 2535 1161 2600 regna,

407 2615 471 2683 Seu
492 2622 628 2685 teneant
651 2626 794 2694 mentem
817 2621 944 2687 Gallica
967 2621 1053 2686 bella
1075 2620 1203 2704 Tvsu,

335 2722 408 2789 Sive
432 2730 539 2791 truces
562 2727 651 2792 Parii
676 2730 760 2794 vatis
784 2729 919 2796 secteris
943 2728 1078 2812 iambos,

406 2830 469 2896 Seu
491 2831 547 2897 Tu
570 2832 755 2900 Mimnermi
779 2835 898 2901 blanda
922 2834 1053 2921 querela
1075 2833 1174 2898 iuvet.

332 2938 385 3002 Tu
410 2937 489 3003 duce
514 2960 588 3004 mox
613 2938 728 3005 alacris
752 2941 831 3007 forti
854 2942 934 3026 pede
957 2942 1055 3005 turba
1076 2939 1104 3003 T
1109 2957 1253 3006 vonvu

404 3044 545 3111 Scandet
568 3044 734 3130 Apollinei
760 3049 903 3113 culmina
927 3070 1054 3113 summa
1075 3047 1155 3131 iugi.

334 3151 391 3217 Tv
415 3152 523 3217 studio
547 3153 637 3238 vigili
662 3154 752 3220 mitis
776 3177 925 3221 succurre
949 3154 1078 3220 tenellis

403 3259 581 3324 Mentibus:
607 3260 684 3326 hinc
707 3261 774 3326 illis
797 3262 917 3328 nobilis
941 3260 1036 3327 ardor
1059 3261 1128 3326 erit.

332 3362 442 3430 Mollit
466 3366 551 3431 enim
575 3366 722 3452 regimen
745 3405 787 3413 -
811 3368 965 3433 iuvenilia
988 3371 1121 3452 pectora
1143 3370 1248 3432 testes
1275 3405 1313 3414 —

403 3470 489 3538 Leuc
512 3472 599 3538 feros
624 3474 758 3559 animos,
782 3475 1035 3560 obsequiumque
1057 3475 1156 3558 parit·

332 3684 400 3752 Vos
424 3691 533 3753 autem
557 3688 665 3753 cuncti
689 3709 815 3753 mecum
838 3688 976 3774 gaudete
999 3688 1136 3772 sodales,

403 3791 554 3879 Spargite
577 3795 695 3860 votivis
718 3799 811 3860 turea
834 3795 919 3862 dona
941 3796 1037 3863 focis!

335 3898 407 3966 Hoc
431 3900 550 3965 etenim
574 3901 693 3965 meruit
715 3900 771 3966 fidi
795 3903 900 3986 proba
922 3924 1006 3967 cura·
1022 3901 1218 3986 magistri,

405 4005 476 4073 Hoc
500 4007 594 4073 labor
617 4007 765 4073 assiduus
790 4009 980 4094 consiliique
1003 4008 1093 4074 tides.

330 4110 401 4179 Iam
424 4135 548 4199 precor,
571 4114 646 4180 huic
670 4118 736 4180 stet
759 4115 853 4180 firma
876 4116 973 4200 salus,
995 4115 1128 4181 fortuna
1151 4114 1304 4180 secundet

401 4220 564 4306 Prospera
588 4226 711 4308 coepta,
734 4222 802 4288 dies
826 4222 947 4308 gaudia
972 4244 1116 4308 quaeque
1139 4222 1238 4287 ferat!

331 4328 480 4411 Accipias
502 4329 605 4413 vultu,
628 4328 765 4396 doctor
788 4329 1022 4413 venerande,
1045 4329 1199 4415 benigno,

401 4435 490 4511 Quae
513 4437 617 4519 pietas
640 4436 736 4502 hodie
760 4458 895 4503 munera
916 4459 1018 4522 parva
1040 4437 1125 4502 tulit
