2940 5004
378 368 450 415 ovo
474 367 740 415 5555555555
765 368 948 415 55555555.
1169 350 1234 416 555

183 509 285 577 Poliri
309 506 461 595 expoliri,
483 507 580 594 pingi
600 510 693 594 fingi:
717 514 749 575 55
772 514 837 575 dne

183 619 285 685 Binae
308 616 446 704 singulis
470 639 552 702 quae
575 617 670 681 (15555
694 621 769 681 5555
793 617 942 703 55551155,

182 726 252 791 Eae
274 749 334 791 5555
358 723 745 810 <555555515,>15555515,
768 725 902 792 eluendo

183 833 323 918 055555
347 831 507 897 dedidere:
532 832 783 917 aggerdndeque
807 834 889 917 aqud
912 837 988 898 55555

306 936 381 1004 Viri
403 938 465 1003 duo
490 937 615 1004 51515551.
1024 967 1033 1000 a
1184 957 1235 1004 555
1250 961 1284 1002 1v

184 1046 298 1131 Apdge
321 1047 380 1111 sis:
404 1046 515 1132 negoti
539 1050 697 1130 5555555555
720 1044 755 1110 in
778 1045 912 1111 muliere
936 1050 1044 1112 55555551

185 1151 252 1218 Sed·
270 1154 347 1217 uero
371 1153 466 1237 51555,
490 1158 549 1218 555
565 1154 642 1239 5516,
665 1175 817 1218 maxumo
841 1154 899 1218 51551

185 1260 309 1345 Populd
333 1259 501 1343 quoilube‘t
524 1261 597 1346 5155
621 1257 702 1325 sadis
726 1259 802 1324 (1555
824 1259 997 1345 potissimi.

185 1365 287 1448 [Quae
310 1368 421 1432 5565555
444 1366 575 1451 diesque
598 1367 686 1432 omni
710 1367 743 1431 in
767 1371 873 1432 555555
897 1369 1023 1452 semper

184 1473 359 1557 05555555,
381 1474 541 1558 leuentur,
564 1476 740 1560 tergentur,
763 1474 939 1558 5511551555.
1184 1492 1236 1539 535

185 1581 354 1646 Postremo
379 1580 494 1645 modiis
518 1578 684 1645 muliebris
707 1581 841 1645 nullust:
866 1585 1041 1665 niimquam

184 1686 337 1753 1555555515
361 1685 561 1752 5515155515
586 1685 705 1751 551555
729 1685 834 1750 155555
858 1688 989 1752 metam.
1087 1727 1093 1732 -

97 1795 182 1861 Nom
201 1815 283 1879 quae
303 1794 458 1876 51555555,
480 1789 544 1856 nisi
564 1793 755 1877 5555515555,
775 1795 847 1858 556
867 1792 994 1877 quidem
1014 1794 1123 1859 animo
1143 1795 1236 1878 (55551

945 1900 1107 1982 15555555]

526 2006 807 2072 5555555555.

186 2114 288 2179 Miror
305 2112 458 2197 -equidem
483 2115 531 2197 55,
554 2135 654 2196 55555,
677 2113 777 2179 155555
800 2112 954 2198 15551551,

185 2224 274 2300 Quae
298 2222 367 2286 555
391 2220 508 2286 callida
530 2222 563 2284 et
586 2219 681 2285 docto
705 2217 748 2284 sis
773 2221 944 2288 55155555.
1185 2239 1236 2286 535

185 2328 270 2394 Nam
294 2329 393 2413 quom
416 2327 526 2392 sedulo
550 2327 712 2393 munditer
734 2350 794 2393 nos
818 2327 984 2415 15555555,

184 2434 249 2501 Vix
274 2438 434 2522 ae‘greque
457 2434 673 2499 55555555165
696 2433 887 2501 inuenimus.

536 2559 798 2625 5555555555.

185 2668 280 2733 lieet:
304 2689 416 2732 uerum
439 2665 501 2732 hoo
524 2670 624 2730 dnum
647 2668 755 2730 555555
778 2666 936 2751 5551555555

189 2773 305 2839 Modus
330 2772 673 2855 655155515551555,
697 2773 798 2856 55565,
821 2775 991 2856 optumum
1015 2773 1175 2839 1551515555

98 2881 209 2947 Nimia
233 2881 341 2946 omnia
363 2879 500 2944 nimium
524 2876 677 2942 exhibent
699 2879 810 2961 negoti
834 2878 1020 2944 hominibus
1044 2882 1082 2944 e‘x
1106 2902 1149 2944 55.
1186 2897 1237 2945 545

529 3021 808 3087 omonimum.

186 3132 294 3213 Soror,
318 3129 427 3214 cogite
449 3127 582 3211 amabo,
605 3128 684 3191 1555
708 3150 768 3193 nos
790 3127 968 3213 perhiberi,

188 3237 287 3315 Quasi
311 3234 340 3300 si
363 3233 450 3299 55155
473 3233 644 3298 5515155155
667 3235 736 3298 5555
760 3236 971 3299 autumentur

187 3344 263 3409 Sine
287 3343 375 3407 omni
399 3341 509 3426 lepore
533 3345 566 3405 55
589 3341 658 3405 5155
683 3340 776 3406 omni
797 3342 972 3407 5555155555

186 3450 260 3515 Nisi
284 3447 439 3514 5155155
463 3469 546 3532 equa
568 3452 670 3533 iisque
694 3453 727 3514 55
751 3448 804 3513 dio
829 3451 1042 3533 5555555555,

188 3556 297 3639 olent,
319 3559 453 3639 tangere
477 3558 514 3619 55
535 3577 601 3620 non
626 3553 717 3621 uelis.
762 3555 874 3621 itidem
897 3558 958 3621 565
982 3580 1092 3622 55555
1186 3573 1238 3621 545

190 3661 284 3742 [Eius
308 3661 440 3725 seminis
463 3661 614 3726 mulieres
638 3664 727 3743 55555]

187 3765 334 3830 15551555
357 3766 542 3851 admodum,
566 3767 833 3853 (incommodae)
857 3771 1176 3856 555551555555555,

312 3871 388 3938 Sine
411 3870 572 3937 5515511515
594 3877 627 3937 55
650 3878 791 3959 55555555.

590 4013 752 4081 1115555555.

186 4122 332 4207 0555555
354 4119 433 4186 haee
456 4119 610 4205 quidem,·
625 4103 872 4207 Agorastocles,
895 4129 933 4189 55
955 4145 1016 4209 ego
1040 4122 1167 4208 opinor:

188 4229 256 4295 8515
279 4228 450 4293 5515155155
472 4229 508 4290 55
532 4229 681 4291 maceret.

528 4351 813 4418 555555555555.

683 4457 769 4535 Quid
792 4460 977 4527 molestos?
1187 4478 1239 4527 555
