2986 5010
250 323 315 386 428
541 338 804 386 PROLEGOMENA
827 338 874 385 DE
898 337 1108 384 RATIONIBVS

340 481 440 547 Sitin'
465 503 525 567 ego
550 481 651 545 oculis
675 481 772 564 plaine
795 482 907 546 asuleo?
931 482 1013 546 e'stne
1034 479 1127 565 hic*)
1159 502 1200 544 an
1232 502 1299 545 non
1330 481 1404 543 est?

889 589 918 653 is
942 592 1000 653 est.

92 717 261 757 cnxxxvm
342 696 476 762 Miseria
510 719 575 761 una
611 695 669 780 uni
697 696 826 780 quidem
855 696 1014 761 hominist
1041 695 1176 775 dffutim.
1210 693 1278 760 CH.
1308 698 1405 761 inraso

890 802 966 867 huic
989 807 1178 886 parumst:

251 987 314 1049 quo
339 987 432 1029 versu
458 966 512 1050 qui
535 966 641 1029 verbis
660 964 870 1049 transpositis
889 967 984 1029 immo
1006 965 1077 1029 huic
1099 969 1143 1028 cst
1157 985 1278 1046 pavum
1302 965 1403 1049 scrip

251 1077 377 1155 serunt,
406 1078 577 1137 suaserunt
606 1073 691 1157 quod
722 1072 921 1137 concinnitas
950 1070 1116 1136 dissuadet
1140 1071 1226 1135 inter
1254 1071 1342 1136 huuc
1371 1077 1404 1137 et

250 1181 431 1265 proximum
463 1202 591 1244 versum
620 1180 834 1244 intercedens:
866 1179 952 1242 Num
980 1181 1009 1243 si
1032 1200 1094 1262 pro
1117 1180 1253 1260 peccatis
1282 1185 1403 1244 centurn

250 1291 342 1354 ducat
359 1309 478 1371 uxores,
494 1292 677 1369 purrcrrlsl.
709 1283 838 1350 Servari
857 1285 966 1350 hiatus
987 1285 1086 1350 ctiam
1105 1308 1133 1349 v.
1150 1286 1214 1350 ‘190
1233 1290 1402 1369 potuerat:

340 1446 470 1511 Paterni
495 1446 623 1532 signum
647 1447 740 1511 ruisse.
764 1445 837 1510 ME.
860 1448 953 1509 etcum
976 1449 1011 1508 tu
1035 1445 1147 1510 taces?

250 1609 314 1673 nisi
332 1612 399 1673 tam
419 1608 571 1692 frequens
590 1609 624 1672 in
643 1608 807 1672 codicibus
831 1628 919 1672 nosse
941 1613 974 1672 et
996 1610 1118 1672 nouisse
1142 1605 1194 1693 (ut
1207 1630 1236 1672 v.
1252 1607 1404 1696 957**))‚

249 1717 336 1781 noras
359 1719 392 1780 et
414 1716 538 1779 neumis
556 1712 568 1783 l
570 1719 607 1778 ut
626 1737 653 1779 v.
673 1712 753 1799 952)
772 1713 952 1779 formarum
971 1714 1169 1799 permutatio
1189 1721 1277 1780 esset
1297 1737 1403 1801 eaque

250 1825 285 1888 in
315 1828 487 1906 utramque
517 1826 643 1906 partem
674 1822 798 1904 valens,
830 1825 866 1885 ut
894 1821 959 1884 ista
990 1821 1118 1904 quidem
1150 1823 1203 1886 vix
1233 1823 1301 1887 ulla
1333 1846 1402 1888 mu·

250 1932 333 1996 tatio
358 1934 451 1995 esset.

339 2038 479 2101 Omnino
503 2037 588 2102 enim
613 2037 667 2121 qui
692 2041 778 2101 recte
802 2036 945 2100 iudicare
969 2037 1008 2100 de
1030 2037 1123 2101 hiatu
1142 2038 1237 2120 volet,
1260 2038 1325 2104 hoc
1344 2039 1404 2102 im·

250 2146 364 2230 primis
388 2150 498 2209 teneat
522 2148 660 2228 oportet,
684 2166 748 2208 non
773 2144 918 2228 aliquam
939 2144 1136 2229 elegantiam
1157 2145 1285 2210 hiatum
1304 2145 1405 2210 inter·

250 2252 442 2336 protundum
470 2273 554 2334 esse,
587 2261 651 2336 qua'
679 2250 832 2316 delectati
861 2251 928 2315 sint
955 2256 1072 2334 poetae
1100 2256 1133 2315 et
1163 2275 1260 2336 quam
1292 2252 1405 2316 dedita

251 2381 350 2441 opera
373 2358 488 2421 sectati
513 2358 589 2441 sint,
617 2357 674 2422 sed
703 2358 867 2422 licentiam
897 2380 992 2441 quam
1021 2358 1215 2424 indulserint
1237 2359 1316 2442 sibi,
1347 2360 1403 2424 ubi

250 2487 315 2529 non
333 2464 435 2556 nimis
459 2463 577 2527 habere
606 2464 795 2528 offensionis
824 2463 995 2528 videretur.
1043 2461 1124 2529 Cum
1153 2469 1262 2529 autem
1291 2466 1403 2530 hiatus

250 2573 355 2638 omnis
378 2572 468 2637 nulla
491 2571 554 2635 aliu
576 2571 611 2635 in
636 2594 669 2635 re
693 2572 853 2637 consistat
875 2573 939 2637 nisi
963 2574 995 2637 in
1025 2574 1206 2659 neglecta
1228 2573 1400 2658 contiguo-

248 2704 320 2746 rum
351 2679 583 2744 vocabulorum
615 2701 653 2742 ea
683 2680 750 2743 sive
781 2680 951 2744 elisione
986 2681 1053 2744 sive
1084 2680 1302 2764 synaloepha,
1338 2704 1400 2765 qua

250 2788 329 2853 adeo
349 2787 529 2851 assuevisse
549 2786 695 2871 linguam
715 2785 852 2851 latinam
872 2786 1001 2869 scimuS,
1024 2808 1111 2852 cremo
1130 2793 1165 2851 ul
1183 2793 1247 2850 tum
1266 2790 1402 2852 misticus

248 2899 323 2959 essct
344 2895 398 2975 qui
420 2894 540 2957 uocales
562 2893 654 2956 nollet
676 2894 865 2975 corciunpcra
888 2899 925 2956 ut
949 2899 994 2957 ait
1017 2891 1131 2959 Cicero
1155 2892 1244 2958 Orat.
1268 2897 1296 2974 ξ.
1325 2897 1401 2959 mo:

249 3001 458 3085 consequitur
487 2999 594 3063 minus
622 2998 810 3063 offensionis
839 2999 966 3063 hiatum
995 3000 1041 3064 ibi
1065 2999 1194 3082 habere,
1215 3001 1272 3064 ubi
1296 2999 1400 3064 illius-

251 3108 337 3172 modi
370 3105 601 3190 synaloepham
633 3092 735 3189 ipsius
775 3105 881 3169 vocis
914 3128 1034 3189 pausa
1066 3109 1123 3170 aut
1154 3128 1219 3170 non
1254 3100 1401 3192 patiatur

249 3213 319 3277 fieri
343 3218 399 3276 aut
422 3213 566 3297 patiatur
589 3234 654 3277 non
675 3213 753 3276 fieri.
787 3212 989 3296 Quamquam
1013 3212 1097 3277 hanc
1116 3213 1306 3297 bipertitam
1326 3236 1400 3279 con·

250 3320 457 3405 secutionem,
481 3344 578 3407 qnam
602 3320 807 3385 ratiocinatio
832 3319 1046 3403 commendat,
1069 3320 1234 3385 fatendum
1259 3326 1400 3388 estnon

250 3427 460 3512 comprobare
488 3451 591 3492 usum.
637 3427 724 3492 Nam
753 3432 788 3491 ut
816 3449 880 3492 uno
909 3429 1007 3492 verbo
1036 3429 1154 3512 dicam,
1185 3429 1284 3493 etiam
1317 3451 1399 3514 quae

249 3536 343 3600 nobis
367 3558 464 3620 quam
489 3536 628 3600 maxime
651 3535 834 3599 necessaria
858 3534 1004 3598 videatur
1027 3536 1257 3619 pronuntiandi
1287 3559 1398 3621 pausa,

250 3647 358 3707 tamen
373 3643 600 3707 necessitatem
620 3643 747 3726 quidem
768 3642 988 3727 neglegendae
1008 3642 1152 3707 elisionis
1172 3643 1225 3707 vix
1244 3666 1397 3728 umquam

337 3924 364 3993 *)
388 3925 477 3995 [ipsus
500 3926 530 3979 in
553 3925 595 3979 ed.
620 3925 668 3979 alt.
694 3943 758 3979 cnm
781 3926 835 3979 hae
865 3925 1060 3981 annotatione:
1093 3926 1185 3995 ‘ipsus
1207 3926 1299 3994 301),
1322 3929 1397 3982 recta

249 4015 397 4082 probatum
417 4030 435 4067 a
453 4013 633 4069 l'leckeiseno
651 4016 721 4068 Anu.
737 4014 806 4084 phil.
818 4018 837 4070 t.
854 4022 887 4069 93
907 4017 942 4083 (a.
959 4017 1040 4081 1866)
1059 4034 1085 4085 p.
1106 4023 1148 4070 61.
1168 4017 1213 4070 hic
1231 4016 1269 4084 A,
1288 4018 1398 4087 praeter

250 4120 355 4158 morem
374 4103 551 4159 Plautinum:
570 4122 621 4174 pro
640 4122 695 4174 quo
713 4106 739 4159 is
757 4105 960 4160 substituebam
982 4105 1089 4176 Proleg.
1110 4123 1137 4174 p.
1157 4106 1328 4177 oooxxm.’]

322 4197 365 4260 **)
385 4193 438 4265 [cl.
453 4193 626 4249 Fleckeiscni
641 4194 676 4247 de
695 4209 772 4248 nosse
789 4210 893 4247 nomon
910 4193 1000 4247 forma
1017 4210 1073 4249 non
1086 4193 1219 4247 Plautina
1237 4195 1397 4250 observatio

252 4284 334 4349 (Anu.
350 4283 503 4352 philaas
519 4287 553 4353 [a
572 4284 651 4354 1867]
667 4301 694 4352 p.
711 4289 762 4336 632
778 4283 864 4352 ann),
884 4299 940 4352 qua
959 4282 1057 4337 ductus
1075 4282 1247 4338 Bitschelius
1265 4285 1296 4339 in
1309 4282 1398 4340 ‘irin'

251 4371 287 4424 ad
306 4389 331 4426 v.
351 4376 402 4425 959
423 4387 592 4438 quamquam
616 4388 671 4426 non
694 4371 841 4426 immemor
864 4371 1005 4426 Ciceronis
1025 4372 1100 4428 Orat.
1125 4378 1207 4438 §157
1227 4375 1342 4429 veretur
1365 4389 1397 4427 ne

251 4475 307 4513 non
326 4459 415 4526 magis
433 4458 566 4513 Plautina
583 4460 620 4513 sit
637 4461 715 4514 noris
731 4460 843 4529 forma]
