2918 5004
442 375 677 424 narnuusouu
701 377 828 423 annun.
1140 361 1204 425 663

60 523 146 584 recte
179 540 250 583 eam
283 518 547 603 interpretemur,
579 518 794 584 humanitatis
824 518 872 583 vis
903 524 936 584 et
965 519 1109 606 dignitas
1136 520 1204 586 ullo

58 631 155 712 pacto
186 626 387 710 adversetur,
415 626 465 691 vel
495 626 564 691 sine
595 626 799 693 humanitate
822 627 879 692 illa
902 627 975 711 ipsa
997 627 1104 712 possit
1127 651 1203 693 suae

2 803 9 812 ‚
59 732 270 798 beatitudinis
301 754 453 799 numeros
485 734 630 819 implere.
685 734 806 811 Quodsi
838 738 951 799 contra
982 734 1043 799 hos
1075 757 1204 820 quoque

62 863 144 933 non
166 840 292 905 videtur
324 841 455 926 gravius
488 844 522 904 et
554 840 716 907 efficacius
749 841 811 906 dici
844 863 940 927 posse
978 864 1075 926 quam
1102 840 1203 907 Hum-

59 947 217 1013 boldtiani
246 947 385 1031 exempli
414 948 621 1013 auctoritate:
650 953 760 1014 tamen
784 948 865 1014 hora
889 952 1011 1030 monet,
1038 970 1079 1014 ne
1103 949 1204 1035 expli·

58 1054 161 1120 catius
199 1075 283 1120 nuno
318 1057 517 1140 pertractato
554 1076 592 1119 eo
623 1055 709 1138 loeo,
746 1055 802 1140 qui
832 1058 925 1140 patet
956 1056 1113 1121 latissime
1145 1078 1203 1122 neo

57 1165 166 1246 potest
184 1161 297 1247 paucis
316 1161 552 1246 comprehendi,
576 1165 693 1245 vestra,
717 1161 890 1245 auditores,
912 1162 1072 1247 patientia
1091 1163 1204 1228 abuta-

58 1291 138 1334 mur.
182 1268 298 1354 Itaque
319 1270 353 1333 in
374 1269 472 1335 aliam
495 1268 774 1355 opportunitatem
794 1267 856 1333 hoc
878 1272 929 1334 sat
957 1269 1050 1355 gravi
1078 1269 1204 1335 dicendi

58 1379 249 1462 argumento
282 1376 383 1441 dilato
412 1398 450 1441 eo
478 1377 543 1441 iam
576 1374 774 1440 redeundum
807 1380 869 1459 est,
904 1377 1000 1461 unde,
1032 1381 1069 1441 ut
1098 1399 1204 1441 rever·

57 1488 188 1568 teretur,
210 1483 341 1548 deflexit
359 1484 475 1568 oratio,
498 1483 538 1548 ad
557 1482 778 1548 Furnarucvu
798 1481 1011 1549 Gvrnunuvn
1030 1482 1089 1567 III,
1113 1484 1203 1549 cuius

58 1592 219 1676 sapientia
249 1590 388 1674 factum,
424 1596 461 1656 ut
493 1591 574 1656 tant'
613 1593 744 1674 tamque
773 1612 793 1654 a
819 1590 1051 1675 praeiudicatis
1079 1592 1202 1676 opinio-

56 1698 151 1763 nibus
175 1698 270 1763 liberi
298 1698 347 1762 vir
373 1696 508 1781 ingenii,
541 1695 669 1780 qualem
698 1693 910 1760 vaanuvu
940 1693 1203 1763 ansonurrvu

58 1827 261 1889 veneramur,
290 1827 328 1869 eo
352 1804 386 1868 in
409 1804 481 1868 loeo
505 1803 733 1887 collocaretur,
761 1803 795 1867 in
819 1823 883 1887 quo
907 1802 1061 1887 quamdiu
1085 1805 1203 1869 consti·

57 1916 149 1976 tutus
172 1915 251 1994 erat,
274 1912 345 1997 pari
369 1915 402 1976 et
424 1910 544 1975 litteris
569 1913 602 1973 et
625 1908 824 1993 reipublicae
847 1931 920 1974 cum
939 1909 1109 1975 commodo
1132 1916 1202 1977 tum

59 2021 250 2083 ornamento
280 2018 350 2083 fuit
391 2015 459 2082 Nec
483 2021 617 2102 propter
639 2016 727 2081 illius
750 2016 932 2081 ubertatem
956 2020 1084 2082 tantum
1108 2039 1202 2104 argu-

58 2125 173 2209 menti,
201 2147 298 2210 quam
326 2146 393 2191 non
421 2145 536 2209 capere
563 2124 663 2188 horae
691 2123 786 2188 huius
814 2122 983 2208 angustias
1007 2124 1203 2209 significavi·

56 2254 139 2316 mus,
161 2232 214 2298 hio
238 2231 478 2298 subsistendum
502 2231 733 2315 intellegimus,
757 2229 813 2294 sed
838 2230 937 2295 etiam
960 2229 1045 2314 quod
1067 2215 1203 2317 restent,

57 2360 140 2423 quae
164 2361 236 2406 oum
258 2336 413 2404 Eiusdem
436 2336 536 2422 Regis
559 2335 653 2400 lllius
683 2335 881 2401 liberalitate
910 2341 986 2402 sunt
1009 2338 1223 2404 coniunctis·r

57 2445 148 2510 sima.
194 2444 372 2510 Dicendum
405 2444 492 2508 enim
525 2443 563 2508 de
596 2444 637 2508 iis
670 2446 720 2508 est
752 2444 997 2528 certaminibus,
1030 2467 1114 2529 quae
1143 2446 1202 2511 Ille
1261 2492 1268 2498 -

57 2551 217 2637 singulari
254 2552 427 2618 clementia
459 2574 478 2617 a
511 2573 544 2616 se
576 2550 731 2616 instituta
767 2573 840 2616 oum
873 2551 1055 2616 studiorum
1088 2553 1201 2619 incita-

56 2663 169 2724 mento
197 2681 266 2724 esse
294 2663 364 2723 tum
393 2658 613 2723 liberaliorem
641 2658 825 2723 litterarum
854 2658 1086 2724 tractationem
1115 2661 1202 2726 alere

59 2766 220 2851 imprimis
244 2766 357 2831 voluit.
381 2802 422 2813 -
448 2803 491 2811 -
518 2801 555 2811 -

613 3083 739 3184 cst

57 3265 193 3330 Oratio
217 3264 260 3328 de
284 3263 507 3327 muneribus
527 3261 805 3327 universitatis
824 3266 1045 3330 curatorum
1066 3269 1105 3330 et
1123 3289 1201 3332 rec·

57 3377 188 3436 torum
217 3371 338 3455 deque
366 3369 557 3438 libertate
586 3367 805 3433 academica
832 3369 877 3434 ad
900 3373 1140 3436 rectoratum
1164 3373 1203 3437 in

57 3477 317 3543 universitate
353 3475 570 3541 Fridericia
607 3474 819 3541 Guilelmia
855 3476 1039 3543 Rhenana
1081 3481 1201 3545 susci·

129 3584 305 3670 piendum
329 3584 389 3649 die
412 3582 524 3648 XVIII
548 3605 589 3647 m.
613 3581 797 3647 Octobris
822 3605 848 3647 a
876 3583 961 3649 1846
984 3583 1129 3651 habita

147 3726 337 3809 Audivistis,
355 3712 520 3790 auditores
537 3747 595 3790 suo
611 3724 746 3810 quisque
760 3724 833 3790 loco
848 3726 1092 3810 spectatissimi,
1111 3749 1202 3811 quae,

57 3835 169 3920 qualia
183 3837 216 3898 et
231 3835 353 3918 quanta
367 3831 441 3916 sint,
461 3854 542 3916 quae
559 3854 631 3897 cum
646 3853 706 3917 ego
721 3854 807 3897 nunc
825 3832 859 3896 in
878 3855 929 3897 me
948 3833 1124 3917 receperim
1142 3855 1201 3919 pro

26 4019 32 4021 Δ
57 3941 145 4008 uirili
164 3943 257 4024 parte
277 3941 457 4005 accuranda
476 3943 510 4004 et
527 3938 596 4004 Deo
616 3939 748 4024 Optimo
767 3939 910 4005 Maximo
930 3944 1092 4006 annuente
1111 3963 1202 4026 prau-

57 4048 181 4132 standa,
196 4052 264 4112 tum
281 4047 454 4113 coniuncta
467 4069 538 4112 esse
553 4069 625 4112 oum
641 4069 773 4112 munere
785 4047 932 4112 Rectoris
947 4047 1122 4137 academici
1135 4070 1202 4112 ma·

57 4158 142 4221 iores
157 4155 338 4220 voluerunt.
362 4154 452 4231 Quae
470 4176 536 4219 non
550 4154 648 4219 mirer
663 4154 690 4219 si
705 4154 777 4238 quis
797 4155 992 4238 comparatis
1011 4154 1201 4240 praeterito·

57 4286 128 4328 rum
148 4285 220 4328 cum
243 4261 462 4346 praesentium
483 4266 664 4346 temporum
685 4261 867 4326 rationibus
888 4261 975 4326 haud
995 4261 1107 4345 paullo
1129 4283 1201 4348 gra·
1258 4323 1278 4352 ,

57 4369 149 4434 viora
166 4373 263 4454 atque
286 4368 503 4434 luculentiora
525 4389 595 4432 esse
619 4367 748 4450 sentiat,
772 4390 869 4452 quam
893 4368 1012 4452 quibus
1035 4368 1201 4452 explendis

57 4473 232 4541 hodiernae
255 4477 397 4542 tenuitas
421 4474 618 4542 condicionis
641 4497 702 4561 par
725 4475 776 4540 sit.
813 4474 939 4561 Quippe
962 4497 1035 4541 cum
1058 4476 1202 4562 ipsarum
