2918 5004
232 347 297 413 652
610 361 846 410 nrnnrruscnn
871 361 998 408 annau.

232 530 300 573 non
328 529 406 572 sane
435 506 541 571 solent
564 506 633 570 sine
655 504 723 569 ulla
745 504 987 570 intermissione
1010 503 1048 569 de
1073 503 1133 569 deo
1158 504 1325 590 cogitare,
1353 505 1385 570 id

233 614 318 699 quod
346 612 402 676 ille
430 633 471 675 ne
498 611 646 695 postulat
673 610 815 697 quidem:
849 611 992 696 itemque
1015 611 1121 676 altera
1143 633 1184 675 ex
1206 615 1307 696 parte
1330 613 1385 698 qui

232 721 313 786 illud
336 721 457 805 ipsum,
485 721 527 784 ut
549 718 644 783 deum
668 722 839 804 quaerant,
867 721 1016 802 spectant
1039 721 1072 782 et
1095 718 1296 805 moliuntur,
1318 743 1387 786 non

232 828 296 893 nisi
319 850 377 912 per
400 825 528 891 easdem
552 825 611 890 has
636 826 801 911 ambages,
822 826 857 890 in
880 825 997 911 quibus
1021 848 1094 891 eum
1113 827 1289 911 voluptate
1313 828 1386 892 reli-

234 956 315 1020 quae
342 934 472 998 litterae
500 936 681 1016 morantur,
712 932 745 997 id
773 933 859 1017 quod
882 932 997 998 volunt
1026 937 1262 1018 assequuntur,
1295 940 1387 1001 recta

234 1041 311 1105 illuc
333 1039 501 1124 pervenire
530 1040 662 1104 omnino
684 1043 857 1125 nequeunt
902 1038 987 1104 Hinc
1010 1044 1048 1104 ut
1070 1040 1111 1103 ad
1135 1062 1191 1105 eas
1217 1044 1309 1106 artes
1334 1043 1386 1107 de·

234 1148 361 1212 flectam
391 1147 585 1230 orationem,
618 1169 754 1231 quarum
783 1170 881 1232 opera
909 1148 969 1212 sub
1000 1170 1113 1212 sensus
1137 1148 1275 1231 cadunt,
1308 1150 1387 1234 quid

234 1258 342 1340 potest
365 1254 477 1319 utilius
501 1276 570 1318 esse
594 1255 634 1319 ad
658 1254 861 1340 singularum
881 1255 945 1319 vim
970 1259 1003 1320 et
1025 1254 1104 1319 fines
1128 1257 1387 1341 cognoscendos,

234 1384 331 1446 quam
355 1361 491 1446 diligens
515 1382 626 1426 earum
649 1362 872 1446 comparatio?
905 1360 1027 1427 Contra
1047 1384 1159 1446 sapere
1179 1384 1224 1426 an
1243 1363 1386 1448 ineptire

234 1468 391 1550 dicemus,
419 1467 446 1532 si
470 1468 524 1551 qui
548 1469 600 1533 vel
628 1469 773 1553 picturae
796 1470 967 1554 musicam,
994 1470 1046 1534 vel
1069 1470 1214 1534 musicae
1241 1471 1387 1556 sculptu-

234 1597 305 1639 ram
337 1575 434 1661 longe
467 1576 726 1661 anteponendam
759 1577 915 1642 iactent?¹
936 1576 987 1641 vel
1020 1576 1047 1641 si
1080 1598 1162 1661 quae
1192 1599 1271 1641 cum
1304 1578 1386 1663 fingi

233 1686 372 1768 possunt
391 1683 511 1748 similia
530 1688 599 1748 tum
619 1685 781 1749 communi
800 1707 861 1749 usu
885 1684 971 1750 vitae
995 1684 1195 1749 cottidianae
1220 1686 1386 1750 eveniunt

236 1791 358 1867 Quodsi
384 1791 553 1874 aliquanto
578 1792 677 1856 etiam
699 1792 798 1857 latius
823 1791 1051 1876 exspatiemur,
1075 1791 1152 1877 quid
1171 1796 1226 1857 eet
1243 1793 1387 1876 tandem,

235 1920 299 1983 quo
318 1898 438 1963 rectius
462 1920 560 1982 quam
584 1898 663 1964 olim
687 1899 726 1963 de
749 1898 822 1983 ipsa
844 1898 935 1984 poesi
958 1899 1059 1984 deque
1083 1900 1203 1964 veteris
1228 1901 1385 1966 recentis·

235 2026 297 2088 que
326 2004 499 2070 memoriae
524 2006 629 2089 poetis
653 2028 726 2070 cum
756 2007 874 2070 exteris
904 2009 973 2070 tum
1003 2006 1207 2071 nostratibus
1240 2007 1385 2073 iudicare

235 2110 428 2176 didicimus?
473 2110 564 2177 Nihil
593 2112 738 2197 profecto
767 2113 867 2197 aliud,
898 2113 961 2178 nisi
989 2112 1074 2198 quod
1097 2134 1200 2198 pravo
1226 2114 1277 2179 uti
1302 2137 1385 2179 com·

235 2218 371 2301 parandi
395 2219 503 2284 studio
527 2219 746 2285 dedidicimus.
787 2219 863 2285 Fuit
886 2221 971 2285 enim
994 2220 1027 2285 id
1050 2224 1177 2304 tempus
1204 2220 1297 2305 olim,
1323 2244 1383 2306 quo

237 2347 315 2389 suae
339 2325 546 2409 potissimum
570 2328 824 2410 consuetudinis,
859 2350 989 2393 suarum
1013 2328 1217 2412 opinionum,
1250 2350 1383 2393 suorum

236 2436 270 2496 et
299 2455 425 2499 morum
457 2438 490 2497 et
520 2435 740 2519 exemplorum
775 2436 963 2519 angustiore
995 2440 1029 2500 et
1060 2434 1196 2500 exiliore
1230 2457 1384 2500 mensura

235 2538 318 2603 nihil
343 2539 489 2625 singulae
513 2541 659 2606 cultioris
683 2541 833 2628 Europae
857 2545 970 2628 gentes
992 2565 1058 2607 non
1081 2542 1293 2607 metirentur:
1322 2564 1382 2627 quo

235 2667 308 2709 eum
329 2668 386 2710 suo
406 2647 550 2731 ipsarum
570 2668 689 2733 genere
709 2648 875 2734 quidlibet,
894 2649 1103 2735 quantumvis
1124 2647 1258 2713 diversa
1277 2672 1383 2714 rerum

236 2755 381 2820 omnium
399 2755 589 2821 condicione
608 2760 721 2858 natum
740 2757 913 2842 factumve,
936 2755 1091 2840 conferre,
1109 2755 1192 2820 nihil
1212 2756 1280 2820 nisi
1301 2756 1383 2841 quod

235 2861 370 2926 eandem
394 2883 541 2928 normam
566 2868 762 2948 sequeretur,
785 2864 939 2949 tolerare,
961 2864 1079 2928 nedum
1103 2862 1260 2946 probare,
1285 2885 1382 2947 penes

236 2989 270 3031 se
298 2969 421 3033 scilicet
448 2971 585 3054 fontem,
618 2972 783 3056 exemplar
812 2977 845 3036 et
873 2971 1098 3037 auctoritatem
1125 2969 1234 3053 pulcri
1264 2971 1383 3036 rectius

235 3080 464 3140 omnem'esse
487 3077 623 3163 gloriari
646 3077 898 3148 consuevissent.
944 3077 1015 3153 Quo
1038 3077 1073 3140 in
1097 3097 1215 3161 genere
1241 3077 1382 3163 insignis

234 3187 365 3266 praeter
388 3187 510 3249 ceterae
530 3185 635 3249 vicina
653 3185 747 3250 nobis
766 3206 845 3270 gens
859 3184 1145 3270 Franoogallorum
1165 3183 1239 3268 fuit,
1265 3206 1384 3270 magna

236 3290 364 3374 quidem
388 3291 422 3355 in
445 3312 562 3376 genere
586 3292 720 3375 pusillo:
750 3315 808 3357 nec
832 3292 930 3356 mirer
953 3293 980 3357 si
1004 3291 1059 3376 qui
1082 3291 1273 3356 etiamnunc
1296 3313 1383 3377 mag·

235 3420 311 3461 nam
335 3398 493 3464 dictitent.
525 3398 625 3484 Atqui
649 3399 733 3465 hanc
756 3421 869 3465 omnes
891 3421 975 3464 nunc
999 3398 1206 3464 consentiunt
1231 3421 1383 3465 caussam

235 3505 350 3588 fuisse,
378 3528 435 3571 cur
462 3529 520 3572 nec
544 3508 612 3572 siue
637 3507 745 3572 studio
769 3514 893 3572 veteres
917 3512 1043 3591 poetas,
1074 3504 1216 3571 Graecos
1244 3509 1384 3573 maxime

236 3611 331 3696 (quos
360 3614 448 3697 ipsos
477 3619 510 3679 et
538 3614 585 3679 illi
614 3637 686 3680 cum
715 3615 802 3681 solos
831 3637 901 3679 esse
929 3613 1105 3679 imitandos
1133 3615 1204 3678 tum
1231 3637 1268 3679 se
1292 3617 1384 3680 nimi·

235 3742 307 3784 rum
335 3724 501 3787 assecutos
530 3744 600 3786 esse
629 3722 887 3807 arbitrabantur,
920 3726 953 3786 et
976 3744 1033 3787 nos
1058 3724 1208 3785 aeternos
1234 3722 1385 3788 humani-

235 3828 312 3891 tatis
341 3829 515 3913 magiatros
544 3829 763 3916 veneramur),
794 3853 855 3896 nec
883 3830 952 3895 sine
976 3829 1025 3894 ira
1046 3828 1240 3894 recentioris
1266 3833 1385 3896 aetatis

234 3935 398 4019 principes
421 3939 533 4018 poetas
558 3935 730 4000 aestimare
754 3935 912 4001 valerent:
937 3936 1025 4001 cuius
1050 3936 1097 4000 rei
1120 3935 1385 4003 luculentissimo

234 4041 425 4107 documento
455 4042 563 4125 poesis
592 4043 738 4108 scaenica
761 4041 992 4108 Britannorum
1021 4047 1141 4126 exstat,
1175 4046 1210 4107 ct
1235 4043 1385 4109 diversis·

235 4148 317 4212 sima
345 4153 378 4214 et
404 4150 651 4233 perversissima
679 4150 797 4215 iudicia
825 4155 958 4234 experte
986 4151 1103 4235 diuque
1131 4151 1235 4216 miris.
1261 4154 1385 4240 ingenii

235 4254 448 4321 semibarbari
481 4258 642 4341 portentis
680 4262 802 4323 scatere
835 4258 912 4323 visa.
968 4258 1057 4343 Ergo
1092 4259 1201 4342 gratia
1235 4260 1387 4327 habenda

235 4382 346 4425 eorum
374 4363 516 4428 virorum
540 4365 796 4450 intellegentiae,
829 4366 901 4450 qui,
934 4363 1034 4428 divini
1058 4363 1185 4449 ingenii
1211 4366 1387 4436 Goetlriani

235 4468 508 4551 perspicacissimi
549 4472 755 4557 interpretes,
797 4477 945 4540 excutere
986 4494 1046 4537 nos
1087 4474 1389 4557 praeiudicatamm
