2986 5010
242 362 308 434 452
532 384 789 433 inconsonans
813 383 860 431 on
882 385 1093 434 esrronmvs

243 528 306 594 huc
336 529 538 595 referendum
569 552 640 596 esse
671 551 745 594 mox
776 527 996 615 apparebit.*)
1044 529 1165 595 Verum
1193 528 1327 594 minime
1357 529 1395 593 in

244 637 419 701 eorundem
443 660 614 702 numerum
637 637 726 702 Trin.
749 661 778 701 v.
801 639 868 702 420
891 639 992 703 venit:

332 779 439 845 Minis
464 781 681 867 quadraginta
703 781 864 864 docepstin'
888 804 908 845 a
932 779 1075 879 Callicle,

244 945 316 988 cnm
346 923 385 988 de
408 926 479 1010 lege
504 925 686 1008 usitataque
709 925 835 989 ratione
860 926 893 989 in
917 925 1119 1008 paenultima
1142 929 1310 990 accentum
1333 925 1394 989 ha·

242 1032 318 1096 beat
345 1035 525 1113 aoeepsrme:
558 1054 640 1117 quae
669 1055 730 1096 vox
759 1055 832 1097 cum
861 1033 956 1098 unius
984 1033 1075 1116 pedis
1103 1054 1288 1097 mensuram
1316 1032 1393 1115 ipso

242 1138 367 1203 ambitu
396 1161 454 1203 suo
483 1138 628 1223 excedat,
660 1140 811 1203 inversu
840 1161 905 1204 non
929 1144 1037 1223 potest
1059 1162 1126 1204 non
1149 1138 1310 1223 duplicem
1340 1160 1393 1201 ac

242 1249 371 1310 centum
394 1245 560 1327 dcccpsts'nc
583 1246 725 1329 recipere
748 1252 785 1309 ut
804 1246 926 1311 similia
945 1242 1120 1330 omnia.**)
1151 1244 1284 1309 Etenim
1304 1245 1394 1328 quod

243 1351 340 1436 longe
363 1353 571 1417 notissimum
596 1358 655 1436 est,
678 1353 813 1417 elisione
837 1359 1004 1438 tamquam
1029 1353 1214 1418 decurtatae
1237 1351 1305 1416 be.
1327 1374 1393 1416 una

125 1483 231 1522 esxvn
245 1459 373 1542 syllaba
396 1458 559 1524 breviores
583 1459 686 1523 factas
711 1482 805 1524 voces
830 1459 993 1523 retrahere
1018 1464 1186 1523 accentum
1209 1459 1240 1524 h.
1264 1480 1290 1523 e.
1314 1481 1392 1522 eum

243 1570 411 1631 accentum
431 1567 572 1652 recipere
591 1567 656 1651 qui,
680 1567 708 1630 si
726 1567 854 1632 brevior
874 1567 980 1632 forma
997 1566 1164 1650 primitiva
1182 1569 1277 1648 esset,
1301 1572 1390 1630 esset

242 1675 420 1760 legitimus:
445 1673 477 1737 id
500 1674 654 1758 quoniam
678 1674 768 1739 video
793 1674 949 1758 quosdam
973 1673 1012 1737 de
1031 1674 1221 1738 necessitate
1245 1673 1387 1758 quadam

243 1783 472 1865 interpretatos
497 1803 575 1863 esse,
598 1803 638 1844 ne
661 1781 723 1845 hoc
747 1781 876 1865 quidem
899 1782 1167 1865 praetermittam,
1190 1780 1246 1844 sed
1265 1785 1390 1845 utram-

242 1889 323 1952 libet
347 1889 507 1954 rationem
531 1889 636 1952 dicam
660 1892 773 1972 poetas
798 1888 959 1952 arbitratu
983 1910 1042 1952 suo
1062 1891 1189 1952 secutos
1209 1909 1294 1952 esse:
1319 1889 1390 1972 qui-

243 1995 302 2059 bus
327 1996 419 2060 licuit
441 2000 516 2060 ante
540 1996 685 2060 vocalem
709 1995 758 2059 vel
781 1994 922 2077 morbidi
939 1994 994 2060 boc
1012 1995 1063 2059 vel
1082 1996 1225 2076 occepisti
1241 1994 1297 2058 hoc
1316 2016 1389 2076 pro·

243 2104 406 2186 nuntiare,
434 2104 484 2167 vel
507 2102 691 2166 adulescenti
713 2101 770 2165 hos
793 2101 842 2164 vel
865 2102 1084 2166 cdolc'sceutem
1107 2101 1215 2178 aridio,
1238 2101 1291 2164 vel
1314 2105 1390 2166 sesi-

243 2209 372 2273 bcndom
399 2209 522 2291 oppetit
550 2209 601 2272 vel
624 2209 816 2273 scrsbemlom
839 2207 1005 2291 appellere,
1037 2212 1070 2273 et
1094 2208 1244 2272 similiter
1268 2208 1391 2273 omnia.

243 2314 336 2379 Vnde
360 2316 567 2400 consequitur
589 2320 640 2398 ut,
663 2316 817 2400 quamdiu
841 2316 986 2381 vocalem
1009 2317 1202 2400 praecedens
1224 2316 1396 2399 scribam,

244 2423 293 2486 vel
320 2423 433 2487 dduca—
461 2420 588 2506 (ddcens'
610 2424 738 2504 ae'qrtom
764 2422 853 2488 Trin.
877 2422 934 2509 97)
959 2432 1030 2489 'non
1054 2430 1151 2490 exuat
1174 2422 1311 2507 spondei
1336 2445 1396 2487 na-

243 2535 360 2613 turam,
382 2551 423 2593 ne
446 2528 504 2592 illa
528 2528 657 2612 quidem
681 2528 846 2593 tralaticia
868 2531 990 2594 concede
1012 2531 1079 2609 bric,
1101 2532 1199 2596 se‘cede
1221 2529 1281 2593 bric
1304 2534 1396 2593 recte

350 2741 374 2810 *)
394 2740 448 2795 Vix
466 2743 560 2795 tamen
578 2740 634 2794 huc
652 2739 829 2794 referendum
848 2739 922 2794 Trin.
943 2747 1007 2795 527:

348 2879 352 2886 ·
456 2848 615 2903 Consuadet
632 2847 754 2917 homini,
773 2848 864 2905 credo.
898 2851 949 2902 etsi
966 2849 1098 2903 scelestus
1117 2851 1174 2902 est:

243 2960 291 3013 ubi
310 2976 365 3013 non
384 2956 474 3026 magis
493 2959 544 3010 etsi
557 2954 673 3010 offendit
687 2972 772 3024 quam
786 2962 811 3009 et
824 2958 858 3021 si,
876 2955 1041 3025 praesertim
1054 2957 1119 3026 post
1132 2956 1394 3025 interpunctionem

243 3049 329 3102 illam.
369 3047 462 3101 Aliam
481 3045 518 3101 cb
536 3063 663 3100 caussam
682 3043 748 3099 hinc
767 3044 889 3098 alienum
909 3045 983 3099 Trin.
1006 3052 1068 3100 163:

458 3152 531 3220 Quid
550 3153 602 3206 tibi
620 3168 674 3222 ego
693 3151 798 3220 dicam,
818 3151 866 3221 qui
884 3153 964 3206 illisis
982 3152 1161 3223 sapientiam:

244 3277 310 3314 uam
333 3261 389 3314 iam
408 3261 508 3314 Plauto
533 3276 583 3329 pro
603 3259 705 3314 cretico
724 3261 802 3314 illiue
821 3276 883 3313 cum
903 3258 1040 3314 similibus
1058 3259 1196 3330 genetivis
1215 3259 1304 3315 fuisse
1322 3262 1393 3315 olim

244 3349 450 3404 demonstrabo,
489 3348 542 3419 [ef.
568 3349 669 3418 Opusc.
693 3348 761 3418 phil.
786 3348 811 3401 ll
835 3367 863 3417 p.
883 3354 948 3417 686,
976 3348 1024 3402 ubi
1052 3349 1181 3418 exposita
1208 3365 1392 3420 nequaqnam

244 3438 410 3493 labefactari
428 3436 557 3492 Muelleri
576 3436 612 3492 de
630 3453 702 3507 pros.
722 3455 748 3507 p.
769 3443 819 3491 341
831 3454 890 3505 sqq.
915 3436 1106 3505 disputatione
1125 3436 1160 3490 ad
1181 3437 1272 3492 Trin.²
1290 3456 1315 3491 v.
1339 3445 1390 3492 163

244 3528 392 3583 annotavit
408 3526 599 3595 Ititschelius]

333 3619 374 3687 **)
393 3619 434 3672 De
453 3618 507 3672 hoc
525 3616 646 3671 maxime
665 3616 736 3671 miro
755 3616 859 3671 indicio
877 3615 917 3670 sic
936 3618 1088 3686 praecepit,
1107 3617 1156 3684 qui
1174 3616 1273 3668 auctor
1288 3615 1390 3669 doetri-

245 3726 296 3763 nae
316 3707 498 3777 prosodiacae
516 3705 664 3760 Plautinae
683 3705 745 3760 vult
762 3704 873 3759 haberi:
895 3704 964 3757 ‘Vix
983 3704 1081 3758 credas
1100 3703 1156 3758 dici
1170 3705 1200 3758 et
1213 3705 1390 3773 pronuntiari

244 3796 494 3849 succollantibus
522 3796 699 3864 indilipe'rster
726 3796 953 3864 suppuraeitcitur
980 3795 1163 3863 inte'lleqc‘alia
1190 3794 1390 3861 iattrpelldts‘o:

244 3904 295 3954 pro
314 3885 415 3954 quibus
434 3884 562 3939 omnibus
581 3883 638 3939 alia
656 3883 847 3953 pronuntiatio
863 3883 1013 3952 requiritur
1027 3899 1061 3936 ex
1075 3882 1198 3953 pedestri
1212 3887 1241 3936 et
1255 3882 1391 3937 familiari

244 3974 377 4045 loquendi
397 3974 611 4044 consuetudine,
637 3975 886 4029 cradabilitdtibas
903 3975 1079 4043 indiliqe'nter
1097 3974 1327 4041 supparoeitdtur
1346 3976 1388 4024 irs·

244 4066 395 4134 strepentia
420 4065 622 4132 interpellatio!
661 4063 744 4117 Cuius
770 4062 855 4117 verba
880 4079 944 4116 mea
968 4061 1054 4116 facio:
1088 4060 1133 4115 vix
1157 4060 1254 4115 credas
1278 4058 1338 4114 dici
1362 4062 1392 4114 et

244 4153 420 4221 pronuntiari
442 4152 513 4208 talia
536 4152 669 4221 potuisse.
712 4150 795 4218 Quasi
820 4169 875 4205 non
898 4150 1026 4222 singulae
1050 4167 1132 4205 voces
1156 4167 1242 4203 unum
1266 4149 1391 4203 habeant

244 4242 427 4312 principalem
452 4242 612 4308 accentum,
640 4256 656 4294 e
680 4257 735 4309 quo
759 4240 844 4295 ceteri
867 4239 1025 4295 secundarii
1049 4239 1202 4309 pendeant,
1229 4255 1343 4307 quoqne
1362 4239 1391 4293 in

245 4331 370 4384 versibus
398 4335 508 4386 servato
536 4330 655 4384 satisfiat
687 4329 877 4384 comuetudini
910 4329 1031 4399 linguae.
1070 4328 1211 4400 [Ceterum
1239 4331 1393 4397 mcepstine

246 4421 337 4475 torma
367 4420 421 4489 ipsi
449 4419 604 4473 Bitschelio
632 4421 689 4472 tam
720 4421 849 4488 suspecta
876 4419 976 4487 postea
1003 4419 1076 4485 erat,
1099 4419 1130 4469 ut
1153 4434 1216 4471 eam
1239 4419 1315 4472 tueri
1338 4436 1395 4474 non

244 4507 380 4577 auderet]
