2992 5004
429 353 696 402 sunnoumorus
719 314 930 402 curvamen.
1189 338 1253 402 347

110 495 324 562 dubitandum
357 498 437 582 quin
466 519 503 563 aa
531 501 651 582 aetate,
684 518 748 583 qua
775 497 906 562 criticae
939 498 1137 562 recensionis
1169 498 1200 562 h.
1229 520 1256 564 e.
1270 522 1336 563 xon

110 604 276 689 legitimae
300 604 456 669 ἐκδόεεωε
481 609 567 670 certo
592 604 726 669 consilio
751 607 918 688 susceptae
941 608 975 668 et
997 605 1039 668 cd
1058 605 1139 670 artis
1159 606 1256 672 ratio-

109 733 168 776 nes
196 715 329 795 paratae
360 713 516 777 beneficio
546 717 752 796 posterorum
782 711 960 776 commodis
992 712 1176 777 consultum
1206 718 1257 778 est

110 816 222 905 (quam
250 841 311 906 ego
340 823 480 884 aetatem
506 841 572 884 non
600 820 724 884 minore
755 840 852 904 quam
884 818 1023 883 duorum
1053 821 1255 886 saeculorum

110 926 283 992 intervallo
307 927 348 992 ab
371 927 474 1011 ipsius
498 930 602 992 morte
626 931 740 1012 poetae
764 926 938 991 discretam
963 925 1132 1013 suspicor),
1156 928 1256 993 etiam

111 1032 351 1098 scribendorum
385 1034 615 1099 vocabulorum
649 1034 826 1118 antiquitas
864 1032 984 1118 partim
1021 1034 1088 1098 iam
1120 1034 1258 1099 evanida

109 1141 264 1206 fueritin
288 1139 448 1204 Plautinis
473 1140 725 1226 exemplaribus,
752 1140 874 1225 partim
906 1140 946 1205 ad
974 1141 1161 1206 recentioris
1186 1164 1258 1207 con·

111 1246 292 1314 suetudinis
314 1268 461 1310 normam
485 1246 595 1312 dedita
618 1269 718 1331 opera
741 1247 786 1312 sit
808 1246 939 1311 deflexa.
978 1246 1180 1332 Quamquam
1203 1249 1256 1314 vel

111 1355 158 1419 sic
178 1355 336 1439 quaedam
355 1376 431 1419 sane
450 1354 553 1438 ipsius
571 1354 745 1419 vetustatis
764 1353 904 1438 vestigia
928 1353 995 1418 sive
1018 1376 1094 1420 casu
1118 1356 1256 1441 relinqui

110 1462 178 1528 sive
198 1463 319 1527 servari
338 1461 473 1527 consilio
491 1465 677 1546 potuerunt:
692 1483 756 1545 quo
771 1461 910 1525 fortasse
925 1461 1079 1526 exoletum
1093 1462 1173 1527 illud
1188 1485 1256 1547 per·

108 1570 195 1634 tinet
207 1591 268 1653 pro
282 1569 440 1634 mahtim
455 1567 507 1654 (ut
519 1569 621 1634 consol
635 1569 766 1653 antique
781 1590 841 1653 pro
855 1567 974 1655 conari)
989 1569 1023 1632 in
1040 1568 1256 1635 Ambrosiano

109 1679 272 1761 repertum
291 1676 378 1742 Trin.
393 1700 421 1742 v.
432 1675 506 1760 535,
528 1677 718 1761 praesertim
742 1698 813 1740 oum
834 1675 931 1741 etiam
954 1675 1082 1757 [Pseud.
1100 1677 1185 1741 1035
1208 1699 1256 1743 ca·

110 1786 249 1866 oletum]
269 1784 367 1850 Mero.
382 1783 485 1868 111,4‚
501 1786 520 1849 6
539 1784 709 1849 casoloium
727 1783 760 1846 in
779 1783 813 1847 B
833 1783 884 1848 sit.
908 1782 1031 1847 Verum
1051 1786 1149 1849 etiam
1164 1783 1258 1848 Tibe·

109 1894 202 1958 riana
220 1891 447 1957 Neronianave
470 1895 576 1957 aetate
595 1891 734 1976 probata
752 1891 973 1975 grammaticis
993 1891 1154 1956 scribendi
1172 1891 1256 1955 ratio

109 2023 206 2066 nemo
233 1999 337 2064 nescit
364 2022 460 2084 quam
489 1999 533 2063 sit
560 1998 704 2081 difficile,
737 1998 841 2082 qualis
870 1998 1001 2062 tandem
1024 1998 1137 2081 fuerit,
1169 2002 1256 2063 certo

111 2106 253 2190 delinire,
277 2128 349 2171 cum
373 2106 430 2170 illa
453 2127 493 2170 ne
508 2098 550 2169 ¹in
570 2104 815 2189 antiquissimos
835 2105 962 2190 quidem
982 2105 1108 2170 codices
1127 2108 1256 2170 nostros

110 2214 159 2279 ita
186 2218 368 2299 propagata
396 2214 455 2298 sit,
482 2212 516 2277 hi
539 2218 576 2277 ut
599 2234 664 2276 non
687 2234 704 2276 e
727 2212 945 2297 posteriorum
969 2213 1165 2297 contagione
1188 2234 1257 2277 sae-

112 2323 257 2387 culorum
285 2320 413 2386 novicia
442 2319 545 2384 multa
572 2319 737 2385 traxerint.
783 2318 869 2383 Hinc
896 2320 996 2384 trium
1020 2323 1163 2386 aetatum
1188 2342 1256 2385 suc·

110 2429 287 2513 cessiones,
318 2433 503 2492 nostrorum
534 2427 668 2493 testium
697 2427 853 2492 memoria
877 2428 1067 2514 mixtarum,
1100 2432 1257 2513 quantum

110 2535 180 2600 fieri
212 2534 316 2618 possit
348 2533 527 2597 discernere
559 2533 717 2597 iubemur.
769 2532 883 2618 Velut,
916 2540 952 2599 ut
985 2535 1142 2619 exemplis
1175 2539 1257 2619 utar,

110 2663 184 2705 curn
206 2641 331 2725 primae
355 2640 471 2704 aetatis
495 2639 635 2704 fuissent
657 2660 823 2704 aruorsum
845 2643 1012 2708 oiniuorsci
1030 2648 1191 2725 sequenter
1208 2642 1257 2707 ob·

112 2749 206 2813 iciant
215 2748 390 2830 ploirumos
403 2748 542 2831 popliani
560 2747 667 2813 cloacis
688 2747 822 2832 formae,
845 2749 971 2813 mediae
994 2749 1125 2815 fuerunt
1147 2750 1257 2814 aduor-

111 2876 195 2933 sum,
217 2856 378 2920 coircorsci
401 2854 451 2919 vel
474 2856 632 2933 uniuersi,
654 2859 819 2937 sequentur
843 2855 894 2920 vel
918 2863 1061 2921 smoniae
1084 2858 1134 2920 vel
1158 2855 1256 2920 etiam

111 2967 266 3044 emunim,
289 2962 432 3040 obiciunt,
450 2962 631 3044 ploramus,
648 2961 794 3044 puplicae
818 2963 868 3026 vel
885 2965 1037 3045 publicae,
1060 2964 1183 3031 closscis
1205 2963 1257 3028 vel

110 3070 226 3148 classis,
249 3069 366 3133 tertiae
390 3072 467 3132 sunt
488 3071 654 3134 mansum
675 3070 817 3133 uniuersi
834 3076 1003 3152 sequamur
1020 3072 1169 3137 obiiciunt
1184 3071 1257 3153 plu-

113 3179 212 3241 rimus
224 3177 368 3259 publicae
385 3177 503 3241 classes.
535 3174 604 3240 Has
629 3181 738 3240 tamen
763 3180 887 3242 aetates
911 3180 1122 3264 propriasque
1146 3202 1257 3244 earum

111 3285 232 3350 formas
256 3306 313 3349 cur
335 3306 401 3348 non
424 3283 521 3348 liceat
545 3287 597 3348 sat
615 3283 712 3348 certis
730 3284 816 3347 inter
836 3306 870 3348 se
889 3286 1007 3351 finibus
1027 3287 1257 3369 discriminare,

111 3394 176 3458 tria
203 3391 411 3478 potissimum
440 3392 474 3456 in
502 3413 618 3456 caussa
646 3395 735 3456 sunt:
769 3392 923 3476 primum,
955 3395 1039 3478 quod
1063 3397 1096 3458 et
1118 3415 1256 3477 pronun·

111 3501 214 3565 tiandi
245 3503 278 3564 et
305 3498 467 3563 scribendi
490 3499 575 3564 ratio
600 3521 667 3563 non
689 3503 835 3583 repente,
867 3500 921 3564 sed
946 3501 1118 3583 paullatim
1142 3500 1256 3565 immu—
1270 3519 1350 3559 xcm

111 3613 183 3674 tata
210 3611 261 3672 est
288 3606 423 3692 ipsaque
451 3607 537 3671 vitae
567 3606 798 3671 consuetudine
826 3620 892 3671 non
918 3612 1095 3692 potuerunt
1117 3630 1183 3673 non
1207 3630 1257 3672 eo·

112 3714 186 3779 dem
211 3718 357 3798 tempore
380 3712 526 3778 diversae
550 3713 782 3779 vocabulorum
806 3713 929 3778 formae
949 3715 998 3778 sui
1017 3716 1156 3780 vicariae
1175 3721 1257 3779 tam-

113 3823 168 3886 diu
192 3821 226 3884 in
250 3842 310 3884 usu
330 3841 408 3902 esse,
432 3821 585 3904 quamdiu
605 3842 670 3885 non
689 3843 822 3905 prorsus
842 3821 966 3886 abolita
985 3822 1168 3906 antiquiore
1188 3822 1258 3886 sola

111 3933 263 4013 regnaret
285 3928 459 4011 recentior3
484 3928 631 4011 alterum,
654 3927 739 4012 quod
764 3928 949 4012 discrepans
974 3929 1013 3993 de
1036 3929 1150 3994 multis
1173 3929 1257 4012 ipso·

112 4060 185 4101 rum
199 4036 347 4100 doctrina
362 4031 650 4119 grammaticorum
668 4035 740 4119 fuit,
760 4057 896 4120 qnorum
916 4036 1024 4101 studio
1044 4036 1083 4102 ad
1104 4036 1257 4101 certiores

111 4144 201 4228 leges
229 4148 264 4208 et
287 4143 429 4227 aliquam
453 4141 717 4226 aequabilitatem
740 4141 802 4207 hoc
825 4163 928 4227 genus
953 4165 1047 4208 omne
1070 4146 1256 4208 revocatum

113 4255 176 4334 est3
199 4249 344 4334 tertium,
367 4249 452 4333 quod
474 4248 623 4332 fontium,
647 4271 666 4312 a
690 4248 806 4333 quibus
825 4249 1032 4314 ratiocinatio
1055 4253 1168 4314 nostra
1192 4269 1258 4312 om-

114 4359 166 4423 nis
193 4357 418 4442 proficiscatur
446 4361 589 4440 oportet,
622 4377 642 4420 a
664 4353 871 4420 librariorum
897 4356 1044 4421 socordia
1066 4361 1100 4420 ot
1121 4355 1257 4420 incredi-

114 4465 174 4530 bili
197 4464 417 4531 inconstantia
434 4467 503 4529 tam
522 4462 621 4528 dubia
639 4462 784 4528 condicio
804 4467 863 4548 est,
881 4466 917 4527 ut
936 4485 1033 4549 saepe
1051 4486 1117 4529 non
1136 4462 1257 4530 habeas
