2910 5010
246 356 309 419 718
479 368 713 416 unrururscuu
738 354 958 432 nuscuntur,
982 364 1187 431 suunssnu,

246 534 317 575 mus
342 513 387 577 ita
410 534 469 578 nos
494 512 640 595 defungi,
670 514 794 574 utnon
817 514 929 574 nostra
957 510 1144 573 elocutione
1172 511 1327 584 utamur,
1357 506 1405 569 sed

164 626 169 632 '
246 619 341 683 fidem
370 618 541 682 verborum
571 619 611 682 ab
640 617 720 701 ipsis
749 615 917 680 ordinibus
950 615 982 678 in
1010 612 1146 678 chartas
1182 615 1405 678 coniectorum

246 748 420 790 servemus.
430 725 462 807 ²¹¹)

384 989 421 1076 h)
447 989 500 1053 lm
523 989 764 1086 Prooemium
790 990 854 1053 des
879 987 1145 1054 Summersem.
1176 989 1267 1053 1845

573 1128 626 1216 (de
650 1131 793 1195 tabernis
817 1132 881 1195 fori
905 1130 1066 1216 Romani).

338 1273 401 1338 Sed
426 1274 506 1337 satis
530 1272 651 1337 dictum
676 1277 745 1338 estc
769 1273 807 1337 de
830 1274 976 1337 tabernis
1000 1273 1216 1358 opsoniisque
1242 1295 1329 1357 quae
1351 1295 1398 1336 ro

248 1382 308 1463 bis,
331 1379 583 1462 commilitones,
612 1383 780 1464 tamquam
810 1379 954 1464 aliquam
982 1379 1223 1463 promulsidem
1251 1379 1396 1463 apposui-

248 1510 319 1551 mus
345 1487 412 1550 eius
436 1507 556 1568 cenae,
571 1508 668 1569 quam
692 1485 840 1570 proximo
864 1486 1042 1550 studiorum
1072 1487 1186 1549 cursui
1218 1492 1393 1549 vestrorum

248 1598 397 1678 paratam
421 1592 608 1675 conspicitis
632 1593 855 1657 lautissimam.
892 1591 920 1654 Ε
940 1592 1030 1656 cuius
1050 1593 1221 1656 luculenta
1244 1594 1395 1658 uarietate

248 1701 418 1765 hortamur
446 1702 483 1763 ut
511 1699 580 1782 pari
608 1699 730 1764 terrori
758 1698 928 1782 prudentia
956 1698 1108 1781 deligatis
1133 1704 1299 1782 quantum
1324 1699 1393 1762 satis

248 1808 301 1889 sit,
324 1806 458 1871 honest
482 1827 540 1870 nec
563 1829 679 1890 parum
702 1828 761 1870 nec
784 1807 932 1870 nimium:
955 1805 1082 1889 quando
1107 1811 1143 1869 et
1167 1812 1212 1870 est
1236 1809 1345 1870 modes
1364 1808 1391 1868 is

248 1915 338 1977 rebus
362 1917 395 1977 et
417 1914 519 1976 πλέον
542 1913 632 1991 iturus
656 1912 777 1976 παντός
801 1913 925 1995 pridem
949 1916 1094 1974 veterum
1120 1913 1290 1995 sapientia
1312 1934 1392 1996 prae·

251 2019 344 2102 cepit.
391 2017 515 2082 Valete.

384 2268 408 2354 i)
432 2267 486 2331 lm
509 2267 751 2332 Prooemium
775 2268 840 2331 des
864 2267 1108 2332 Wintersem.
1136 2269 1268 2354 184526

583 2406 635 2494 (de
659 2408 814 2473 Varronis
838 2408 1059 2495 logistoricis).

339 2552 462 2617 Verum
486 2551 565 2615 satis
590 2551 712 2615 dictum
736 2555 806 2615 esto
830 2551 868 2614 de
887 2550 1034 2615 Varrone
1056 2551 1206 2617 liberalis
1232 2553 1389 2618 salutaris·

250 2681 311 2744 que
343 2658 506 2721 doctrinae
539 2658 623 2722 inter
647 2658 812 2722 Romanos
845 2680 971 2722 summo
1004 2658 1126 2721 lumine
1161 2663 1195 2723 et
1229 2660 1389 2724 columine.

250 2765 349 2829 Cuius
378 2786 450 2828 cum
480 2765 573 2829 vobis
597 2767 780 2848 exemplum
803 2767 1015 2849 proponimus
1039 2766 1125 2849 quod
1149 2767 1343 2831 intueamini
1364 2770 1389 2826 et

249 2893 309 2957 pro
333 2871 420 2935 virili
444 2876 537 2954 parte
561 2871 782 2953 aemulemini,
810 2894 876 2935 non
903 2872 1096 2935 eruditionis
1124 2874 1238 2956 potius
1269 2871 1386 2938 laudem

250 2978 442 3062 cogitamus,
468 3000 549 3062 quae
573 2979 607 3042 in
631 2978 689 3042 illo
713 2981 807 3042 tanta
829 2977 892 3041 fuit
916 2983 952 3041 ut
973 2999 1039 3041 non
1062 2980 1171 3061 possit
1190 2981 1257 3044 nisi
1276 2981 1389 3065 paucis-

250 3085 349 3149 simos
378 3085 427 3149 sui
456 3085 577 3148 similes
605 3083 738 3167 habere,
767 3106 863 3168 quam
892 3084 1010 3148 indolis
1040 3083 1253 3150 honestatem
1277 3090 1389 3171 specta·

251 3213 321 3255 mus
345 3191 485 3275 bonique
510 3196 543 3255 et
567 3193 628 3256 viri
652 3195 685 3254 et
708 3191 788 3255 civis
811 3190 931 3256 officia:
954 3214 1036 3276 quae
1059 3191 1116 3256 ille
1135 3192 1237 3276 longe
1257 3195 1389 3258 luculen-

249 3298 377 3362 tissimo
400 3298 593 3363 documento
618 3321 675 3382 per
699 3298 886 3363 diuturnum
910 3300 995 3362 vitae
1019 3299 1162 3383 spatium
1186 3322 1225 3364 eo
1252 3321 1388 3384 compro

251 3405 349 3487 bavit,
373 3405 458 3489 quod
482 3406 523 3470 ab
547 3406 748 3470 umbraticae
772 3406 927 3488 gloriolae
951 3407 1097 3470 vanitate
1116 3407 1336 3471 alienissimus
1354 3405 1387 3470 ad

251 3511 376 3594 patriae
400 3512 539 3577 salutem
563 3513 818 3577 conservandam
842 3513 1152 3598 instaurandumque
1176 3512 1317 3579 Romani
1339 3536 1388 3577 uo·

339 3758 364 3826 ¹¹)
384 3758 453 3829 [Der
478 3757 626 3812 officiellen
645 3757 827 3828 Mittheilung
851 3758 901 3812 der
919 3775 1009 3812 neuen
1029 3758 1253 3830 Preisaufgaben
1272 3761 1327 3815 und
1345 3760 1389 3812 der

252 3847 315 3916 nrt,
338 3846 367 3901 in
390 3847 440 3900 der
462 3846 506 3900 die
534 3847 707 3917 Bewerbnng
734 3846 931 3901 stattaufinden
952 3847 1039 3914 habe,
1062 3847 1166 3917 pllegte
1190 3848 1302 3904 Ritschl
1324 3849 1388 3903 noch

250 3935 304 3990 den
326 3934 523 4005 perstnlichen
548 3935 662 3989 Schluss
686 3935 902 4004 hinzuaufsrgen:
937 3935 1055 3990 ‘Laudis
1081 3935 1235 4005 pariendas
1267 3953 1387 4008 campum

250 4024 456 4094 amplissimum
475 4024 554 4078 vobis
573 4026 701 4094 apertum
721 4024 895 4094 intellegitis,
915 4025 1128 4082 commilitones.
1167 4027 1230 4081 Huc
1251 4028 1337 4098 igitur
1353 4027 1387 4080 fs·

250 4115 304 4169 cite
329 4113 496 4181 consoletis,
521 4114 631 4168 naviter
654 4114 688 4167 de
713 4115 865 4184 propositis
889 4115 1021 4184 praemiis
1039 4115 1190 4170 decertetis
1209 4117 1387 4184 victricesque

250 4202 359 4272 palmas
378 4218 393 4256 e
413 4201 588 4256 nobilissimo
603 4203 754 4258 certamine
769 4204 926 4273 reportetis.
947 4204 1058 4258 Valete’
1080 4203 1148 4259 oder
1163 4205 1251 4259 auch:
1274 4205 1387 4259 ‘laudem

250 4289 336 4360 igitur
360 4291 443 4345 facite
467 4307 501 4344 ex
524 4290 665 4345 uberrima
688 4291 850 4361 disputandi
869 4293 989 4347 materia
1006 4295 1160 4362 quaeratis:
1191 4311 1250 4361 qua
1269 4298 1348 4365 parta
1364 4298 1389 4347 et

250 4379 278 4432 in
303 4396 351 4433 vos
376 4379 506 4434 utilitatis
530 4381 559 4432 et
582 4380 610 4433 in
633 4383 743 4433 nosmet
762 4381 915 4449 voluptatis
935 4379 1086 4450 largissimi
1105 4381 1212 4434 fructus
1231 4382 1388 4436 redundent

249 4468 371 4523 Valete.'
410 4469 439 4521 C.
458 4469 517 4538 W.]
