<?xml version="1.0" encoding="UTF-8"?>
<!DOCTYPE html PUBLIC "-//W3C//DTD XHTML 1.0 Transitional//EN"
    "http://www.w3.org/TR/xhtml1/DTD/xhtml1-transitional.dtd">
<html xmlns="http://www.w3.org/1999/xhtml" xml:lang="en" lang="en">
 <head>
  <title>
</title>
<meta http-equiv="Content-Type" content="text/html;charset=utf-8" />
  <meta name='ocr-system' content='tesseract 3.04.00' />
  <meta name='ocr-capabilities' content='ocr_page ocr_carea ocr_par ocr_line ocrx_word'/>
</head>
<body>
  <div class='ocr_page' id='page_1' title='image "./fridericiritsch05wachgoog_0375.png"; bbox 0 0 2992 5004; ppageno 0'>
   <div class='ocr_carea' id='block_1_1' title="bbox 259 331 1114 397">
    <p class='ocr_par' dir='ltr' id='par_1_1' title="bbox 259 331 1114 397">
     <span class='ocr_line' id='line_1_1' title="bbox 259 331 1114 397; baseline -0.004 -1"><span class='ocrx_word' id='word_1_1' title='bbox 259 331 323 397; x_wconf 86' lang='lat'>358</span> <span class='ocrx_word' id='word_1_2' title='bbox 547 344 809 394; x_wconf 80' lang='lat' dir='ltr'>raousaouaan</span> <span class='ocrx_word' id='word_1_3' title='bbox 832 345 880 391; x_wconf 84' lang='lat' dir='ltr'>nu</span> <span class='ocrx_word' id='word_1_4' title='bbox 903 343 1114 394; x_wconf 78' lang='lat' dir='ltr'>anmoumvs</span> 
     </span>
    </p>
   </div>
   <div class='ocr_carea' id='block_1_2' title="bbox 170 487 1441 3368">
    <p class='ocr_par' dir='ltr' id='par_1_2' title="bbox 170 487 1441 3368">
     <span class='ocr_line' id='line_1_2' title="bbox 258 487 1407 577; baseline -0.001 -21"><span class='ocrx_word' id='word_1_5' title='bbox 258 487 395 577; x_wconf 85' lang='lat' dir='ltr'>ticula*)</span> <span class='ocrx_word' id='word_1_6' title='bbox 418 489 526 554; x_wconf 86' lang='lat' dir='ltr'>habet</span> <span class='ocrx_word' id='word_1_7' title='bbox 564 489 668 566; x_wconf 83' lang='lat' dir='ltr'>Quam</span> <span class='ocrx_word' id='word_1_8' title='bbox 688 488 771 553; x_wconf 89' lang='lat' dir='ltr'>ratio</span> <span class='ocrx_word' id='word_1_9' title='bbox 794 487 922 573; x_wconf 89' lang='lat' dir='ltr'>quidam</span> <span class='ocrx_word' id='word_1_10' title='bbox 946 488 1037 553; x_wconf 93' lang='lat' dir='ltr'>iubet</span> <span class='ocrx_word' id='word_1_11' title='bbox 1059 489 1152 572; x_wconf 86' lang='lat' dir='ltr'>plene</span> <span class='ocrx_word' id='word_1_12' title='bbox 1177 491 1255 553; x_wconf 88' lang='lat' dir='ltr'>aute</span> <span class='ocrx_word' id='word_1_13' title='bbox 1279 490 1407 555; x_wconf 88' lang='lat' dir='ltr'>vocales</span> 
     </span>
     <span class='ocr_line' id='line_1_3' title="bbox 259 596 1409 684; baseline 0 -21"><span class='ocrx_word' id='word_1_14' title='bbox 259 598 371 684; x_wconf 81' lang='lat' dir='ltr'>scribi,</span> <span class='ocrx_word' id='word_1_15' title='bbox 397 601 435 663; x_wconf 91' lang='lat' dir='ltr'>ut</span> <span class='ocrx_word' id='word_1_16' title='bbox 461 597 501 662; x_wconf 92' lang='lat' dir='ltr'>fit</span> <span class='ocrx_word' id='word_1_17' title='bbox 527 597 562 662; x_wconf 91' lang='lat' dir='ltr'>in</span> <span class='ocrx_word' id='word_1_18' title='bbox 590 596 724 662; x_wconf 90' lang='lat' dir='ltr'>elisione</span> <span class='ocrx_word' id='word_1_19' title='bbox 751 596 870 680; x_wconf 84' lang='lat' dir='ltr'>latina,</span> <span class='ocrx_word' id='word_1_20' title='bbox 903 596 993 661; x_wconf 89' lang='lat' dir='ltr'>velut</span> <span class='ocrx_word' id='word_1_21' title='bbox 1021 596 1159 679; x_wconf 67' lang='lat' dir='ltr'>qualine·</span> <span class='ocrx_word' id='word_1_22' title='bbox 1175 599 1294 681; x_wconf 68' lang='lat' dir='ltr'>amico,</span> <span class='ocrx_word' id='word_1_23' title='bbox 1326 600 1409 664; x_wconf 80' lang='lat' dir='ltr'>itane</span> 
     </span>
     <span class='ocr_line' id='line_1_4' title="bbox 258 701 1407 790; baseline -0.001 -18"><span class='ocrx_word' id='word_1_24' title='bbox 258 727 332 773; x_wconf 83' lang='lat' dir='ltr'>esse:</span> <span class='ocrx_word' id='word_1_25' title='bbox 361 705 430 770; x_wconf 88' lang='lat' dir='ltr'>sina</span> <span class='ocrx_word' id='word_1_26' title='bbox 459 705 701 790; x_wconf 89' lang='lat' dir='ltr'>apostropho</span> <span class='ocrx_word' id='word_1_27' title='bbox 729 707 838 768; x_wconf 91' lang='lat' dir='ltr'>autem</span> <span class='ocrx_word' id='word_1_28' title='bbox 866 706 904 767; x_wconf 89' lang='lat' dir='ltr'>ut</span> <span class='ocrx_word' id='word_1_29' title='bbox 931 701 1128 769; x_wconf 83' lang='lat' dir='ltr'>Graecorum</span> <span class='ocrx_word' id='word_1_30' title='bbox 1156 705 1222 784; x_wconf 86' lang='grc' dir='ltr'>πὰρ</span> <span class='ocrx_word' id='word_1_31' title='bbox 1252 705 1407 786; x_wconf 86' lang='grc' dir='ltr'>ποταμόν,</span> 
     </span>
     <span class='ocr_line' id='line_1_5' title="bbox 259 808 1408 896; baseline 0.001 -18"><span class='ocrx_word' id='word_1_32' title='bbox 259 813 314 879; x_wconf 93' lang='lat' dir='ltr'>ubi</span> <span class='ocrx_word' id='word_1_33' title='bbox 343 818 418 879; x_wconf 91' lang='lat' dir='ltr'>ante</span> <span class='ocrx_word' id='word_1_34' title='bbox 447 808 680 879; x_wconf 76' lang='lat' dir='ltr'>consonantem</span> <span class='ocrx_word' id='word_1_35' title='bbox 708 814 891 896; x_wconf 84' lang='lat' dir='ltr'>truncatur,</span> <span class='ocrx_word' id='word_1_36' title='bbox 919 811 1007 876; x_wconf 91' lang='lat' dir='ltr'>velut</span> <span class='ocrx_word' id='word_1_37' title='bbox 1033 810 1149 878; x_wconf 77' lang='lat' dir='ltr'>habeon</span> <span class='ocrx_word' id='word_1_38' title='bbox 1165 819 1309 895; x_wconf 58' lang='lat' dir='ltr'>pactam</span> <span class='ocrx_word' id='word_1_39' title='bbox 1340 835 1408 879; x_wconf 82' lang='lat' dir='ltr'>mea</span> 
     </span>
     <span class='ocr_line' id='line_1_6' title="bbox 258 919 1407 1005; baseline -0.001 -18"><span class='ocrx_word' id='word_1_40' title='bbox 258 923 417 1004; x_wconf 69' lang='lat' dir='ltr'>nummos,</span> <span class='ocrx_word' id='word_1_41' title='bbox 446 921 502 987; x_wconf 93' lang='lat' dir='ltr'>ubi</span> <span class='ocrx_word' id='word_1_42' title='bbox 529 920 660 1005; x_wconf 87' lang='lat' dir='ltr'>quidem</span> <span class='ocrx_word' id='word_1_43' title='bbox 688 919 768 984; x_wconf 89' lang='lat' dir='ltr'>nulli</span> <span class='ocrx_word' id='word_1_44' title='bbox 796 941 929 1003; x_wconf 90' lang='lat' dir='ltr'>prorsus</span> <span class='ocrx_word' id='word_1_45' title='bbox 958 919 1030 984; x_wconf 89' lang='lat' dir='ltr'>usui</span> <span class='ocrx_word' id='word_1_46' title='bbox 1054 919 1166 985; x_wconf 87' lang='lat' dir='ltr'>circuli</span> <span class='ocrx_word' id='word_1_47' title='bbox 1190 920 1332 986; x_wconf 91' lang='lat' dir='ltr'>adiectio</span> <span class='ocrx_word' id='word_1_48' title='bbox 1355 921 1407 986; x_wconf 80' lang='lat' dir='ltr'>lra-</span> 
     </span>
     <span class='ocr_line' id='line_1_7' title="bbox 259 1017 1407 1115; baseline 0.002 -22"><span class='ocrx_word' id='word_1_49' title='bbox 259 1027 342 1093; x_wconf 79' lang='lat' dir='ltr'>beon&#39;</span> <span class='ocrx_word' id='word_1_50' title='bbox 364 1028 453 1092; x_wconf 82' lang='lat' dir='ltr'>mea’.</span> <span class='ocrx_word' id='word_1_51' title='bbox 488 1017 612 1094; x_wconf 86' lang='lat' dir='ltr'>Verum</span> <span class='ocrx_word' id='word_1_52' title='bbox 637 1032 748 1093; x_wconf 88' lang='lat' dir='ltr'>tamen</span> <span class='ocrx_word' id='word_1_53' title='bbox 771 1028 871 1092; x_wconf 90' lang='lat' dir='ltr'>etiam</span> <span class='ocrx_word' id='word_1_54' title='bbox 894 1028 928 1092; x_wconf 94' lang='lat' dir='ltr'>in</span> <span class='ocrx_word' id='word_1_55' title='bbox 952 1027 1059 1112; x_wconf 89' lang='lat' dir='ltr'>priore</span> <span class='ocrx_word' id='word_1_56' title='bbox 1084 1049 1200 1114; x_wconf 79' lang='lat' dir='ltr'>genere</span> <span class='ocrx_word' id='word_1_57' title='bbox 1223 1032 1294 1094; x_wconf 89' lang='lat' dir='ltr'>tam</span> <span class='ocrx_word' id='word_1_58' title='bbox 1314 1052 1407 1115; x_wconf 81' lang='lat' dir='ltr'>saepe</span> 
     </span>
     <span class='ocr_line' id='line_1_8' title="bbox 259 1134 1407 1220; baseline 0.003 -21"><span class='ocrx_word' id='word_1_59' title='bbox 259 1135 293 1199; x_wconf 90' lang='lat' dir='ltr'>iu</span> <span class='ocrx_word' id='word_1_60' title='bbox 322 1134 454 1220; x_wconf 90' lang='lat' dir='ltr'>optimis</span> <span class='ocrx_word' id='word_1_61' title='bbox 482 1135 575 1201; x_wconf 90' lang='lat' dir='ltr'>libris</span> <span class='ocrx_word' id='word_1_62' title='bbox 603 1136 676 1220; x_wconf 88' lang='lat' dir='ltr'>ipsa</span> <span class='ocrx_word' id='word_1_63' title='bbox 704 1156 719 1200; x_wconf 87' lang='lat' dir='ltr'>e</span> <span class='ocrx_word' id='word_1_64' title='bbox 747 1135 871 1200; x_wconf 90' lang='lat' dir='ltr'>vocalis</span> <span class='ocrx_word' id='word_1_65' title='bbox 899 1134 1027 1200; x_wconf 88' lang='lat' dir='ltr'>abiecta</span> <span class='ocrx_word' id='word_1_66' title='bbox 1056 1138 1120 1214; x_wconf 87' lang='lat' dir='ltr'>est,</span> <span class='ocrx_word' id='word_1_67' title='bbox 1148 1134 1229 1202; x_wconf 90' lang='lat' dir='ltr'>haec</span> <span class='ocrx_word' id='word_1_68' title='bbox 1253 1140 1291 1203; x_wconf 91' lang='lat' dir='ltr'>ut</span> <span class='ocrx_word' id='word_1_69' title='bbox 1314 1137 1407 1202; x_wconf 89' lang='lat' dir='ltr'>fidem</span> 
     </span>
     <span class='ocr_line' id='line_1_9' title="bbox 259 1242 1408 1326; baseline 0.003 -20"><span class='ocrx_word' id='word_1_70' title='bbox 259 1242 383 1308; x_wconf 88' lang='lat' dir='ltr'>faciant</span> <span class='ocrx_word' id='word_1_71' title='bbox 405 1264 471 1308; x_wconf 92' lang='lat' dir='ltr'>uon</span> <span class='ocrx_word' id='word_1_72' title='bbox 494 1243 703 1309; x_wconf 81' lang='lat' dir='ltr'>abhorruisse</span> <span class='ocrx_word' id='word_1_73' title='bbox 731 1265 803 1308; x_wconf 85' lang='lat' dir='ltr'>eam</span> <span class='ocrx_word' id='word_1_74' title='bbox 833 1243 1024 1326; x_wconf 78' lang='lat' dir='ltr'>scripturam</span> <span class='ocrx_word' id='word_1_75' title='bbox 1048 1265 1067 1307; x_wconf 85' lang='lat' dir='ltr'>a</span> <span class='ocrx_word' id='word_1_76' title='bbox 1090 1246 1238 1308; x_wconf 84' lang='lat' dir='ltr'>veterum</span> <span class='ocrx_word' id='word_1_77' title='bbox 1262 1244 1408 1310; x_wconf 88' lang='lat' dir='ltr'>doctrina</span> 
     </span>
     <span class='ocr_line' id='line_1_10' title="bbox 260 1348 1409 1436; baseline 0.003 -22"><span class='ocrx_word' id='word_1_78' title='bbox 260 1350 557 1436; x_wconf 80' lang='lat' dir='ltr'>grammaticorum.</span> <span class='ocrx_word' id='word_1_79' title='bbox 603 1348 809 1415; x_wconf 88' lang='lat' dir='ltr'>Servavimus</span> <span class='ocrx_word' id='word_1_80' title='bbox 842 1349 957 1434; x_wconf 85' lang='lat' dir='ltr'>igitur,</span> <span class='ocrx_word' id='word_1_81' title='bbox 994 1349 1048 1414; x_wconf 91' lang='lat' dir='ltr'>sed</span> <span class='ocrx_word' id='word_1_82' title='bbox 1082 1350 1267 1415; x_wconf 88' lang='lat' dir='ltr'>necessario</span> <span class='ocrx_word' id='word_1_83' title='bbox 1300 1350 1409 1417; x_wconf 86' lang='lat' dir='ltr'>addita</span> 
     </span>
     <span class='ocr_line' id='line_1_11' title="bbox 261 1455 1408 1544; baseline 0 -21"><span class='ocrx_word' id='word_1_84' title='bbox 261 1458 470 1544; x_wconf 87' lang='lat' dir='ltr'>apostropho,</span> <span class='ocrx_word' id='word_1_85' title='bbox 488 1458 578 1523; x_wconf 90' lang='lat' dir='ltr'>cuius</span> <span class='ocrx_word' id='word_1_86' title='bbox 596 1457 686 1522; x_wconf 88' lang='lat' dir='ltr'>nulla</span> <span class='ocrx_word' id='word_1_87' title='bbox 704 1479 857 1542; x_wconf 91' lang='lat' dir='ltr'>umquam</span> <span class='ocrx_word' id='word_1_88' title='bbox 875 1457 910 1521; x_wconf 91' lang='lat' dir='ltr'>in</span> <span class='ocrx_word' id='word_1_89' title='bbox 928 1455 1021 1544; x_wconf 86' lang='lat' dir='ltr'>libris</span> <span class='ocrx_word' id='word_1_90' title='bbox 1041 1456 1238 1542; x_wconf 83' lang='lat' dir='ltr'>significatio</span> <span class='ocrx_word' id='word_1_91' title='bbox 1257 1458 1305 1542; x_wconf 81' lang='lat' dir='ltr'>fit,</span> <span class='ocrx_word' id='word_1_92' title='bbox 1323 1459 1408 1523; x_wconf 87' lang='lat' dir='ltr'>velut</span> 
     </span>
     <span class='ocr_line' id='line_1_12' title="bbox 260 1564 1408 1651; baseline 0.002 -20"><span class='ocrx_word' id='word_1_93' title='bbox 260 1565 498 1631; x_wconf 77' lang='lat' dir='ltr'>inconcilioslia&#39;</span> <span class='ocrx_word' id='word_1_94' title='bbox 530 1586 599 1631; x_wconf 82' lang='lat' dir='ltr'>eum</span> <span class='ocrx_word' id='word_1_95' title='bbox 630 1587 659 1630; x_wconf 91' lang='lat' dir='ltr'>v.</span> <span class='ocrx_word' id='word_1_96' title='bbox 690 1565 766 1643; x_wconf 84' lang='lat'>136,</span> <span class='ocrx_word' id='word_1_97' title='bbox 797 1564 910 1645; x_wconf 79' lang='lat' dir='ltr'>salsoa&#39;</span> <span class='ocrx_word' id='word_1_98' title='bbox 942 1585 987 1628; x_wconf 80' lang='lat' dir='ltr'>aa</span> <span class='ocrx_word' id='word_1_99' title='bbox 1014 1564 1093 1648; x_wconf 83' lang='lat'>210,</span> <span class='ocrx_word' id='word_1_100' title='bbox 1125 1565 1244 1629; x_wconf 74' lang='lat' dir='ltr'>taama’</span> <span class='ocrx_word' id='word_1_101' title='bbox 1274 1568 1311 1631; x_wconf 81' lang='lat' dir='ltr'>in</span> <span class='ocrx_word' id='word_1_102' title='bbox 1335 1567 1408 1651; x_wconf 79' lang='lat'><strong>609,</strong></span> 
     </span>
     <span class='ocr_line' id='line_1_13' title="bbox 260 1672 1409 1758; baseline 0.002 -20"><span class='ocrx_word' id='word_1_103' title='bbox 260 1673 358 1757; x_wconf 74' lang='lat' dir='ltr'>apson&#39;</span> <span class='ocrx_word' id='word_1_104' title='bbox 382 1675 459 1739; x_wconf 77' lang='lat' dir='ltr'>istas</span> <span class='ocrx_word' id='word_1_105' title='bbox 482 1673 558 1756; x_wconf 80' lang='lat'><strong>902,</strong></span> <span class='ocrx_word' id='word_1_106' title='bbox 580 1672 726 1739; x_wconf 79' lang='lat' dir='ltr'>nouistia&#39;</span> <span class='ocrx_word' id='word_1_107' title='bbox 749 1672 901 1737; x_wconf 62' lang='lat' dir='ltr'>Martinam</span> <span class='ocrx_word' id='word_1_108' title='bbox 924 1672 1003 1737; x_wconf 84' lang='lat'>905:</span> <span class='ocrx_word' id='word_1_109' title='bbox 1027 1672 1144 1756; x_wconf 91' lang='lat' dir='ltr'>quibus</span> <span class='ocrx_word' id='word_1_110' title='bbox 1164 1673 1324 1758; x_wconf 82' lang='lat' dir='ltr'>exemplis</span> <span class='ocrx_word' id='word_1_111' title='bbox 1344 1697 1409 1740; x_wconf 92' lang='lat' dir='ltr'>om·</span> 
     </span>
     <span class='ocr_line' id='line_1_14' title="bbox 197 1779 1410 1847; baseline 0 -1"><span class='ocrx_word' id='word_1_112' title='bbox 197 1805 249 1847; x_wconf 90' lang='lat' dir='ltr'>cvr</span> <span class='ocrx_word' id='word_1_113' title='bbox 263 1781 360 1846; x_wconf 90' lang='lat' dir='ltr'>nibus</span> <span class='ocrx_word' id='word_1_114' title='bbox 387 1803 403 1845; x_wconf 89' lang='lat' dir='ltr'>e</span> <span class='ocrx_word' id='word_1_115' title='bbox 430 1780 632 1845; x_wconf 74' lang='lat' dir='ltr'>intercidisse</span> <span class='ocrx_word' id='word_1_116' title='bbox 660 1779 865 1845; x_wconf 86' lang='lat' dir='ltr'>librariorum</span> <span class='ocrx_word' id='word_1_117' title='bbox 893 1779 1019 1844; x_wconf 85' lang='lat' dir='ltr'>incuria</span> <span class='ocrx_word' id='word_1_118' title='bbox 1046 1779 1149 1845; x_wconf 90' lang='lat' dir='ltr'>multo</span> <span class='ocrx_word' id='word_1_119' title='bbox 1178 1780 1286 1845; x_wconf 88' lang='lat' dir='ltr'>minus</span> <span class='ocrx_word' id='word_1_120' title='bbox 1313 1782 1410 1847; x_wconf 91' lang='lat' dir='ltr'>credi·</span> 
     </span>
     <span class='ocr_line' id='line_1_15' title="bbox 261 1886 1441 1974; baseline 0 -21"><span class='ocrx_word' id='word_1_121' title='bbox 261 1889 326 1953; x_wconf 91' lang='lat' dir='ltr'>bile</span> <span class='ocrx_word' id='word_1_122' title='bbox 350 1893 400 1953; x_wconf 92' lang='lat' dir='ltr'>est</span> <span class='ocrx_word' id='word_1_123' title='bbox 428 1911 524 1973; x_wconf 92' lang='lat' dir='ltr'>quam</span> <span class='ocrx_word' id='word_1_124' title='bbox 548 1888 722 1972; x_wconf 91' lang='lat' dir='ltr'>probatum</span> <span class='ocrx_word' id='word_1_125' title='bbox 746 1908 816 1952; x_wconf 87' lang='lat' dir='ltr'>esse</span> <span class='ocrx_word' id='word_1_126' title='bbox 839 1886 901 1953; x_wconf 93' lang='lat' dir='ltr'>hoc</span> <span class='ocrx_word' id='word_1_127' title='bbox 924 1909 1026 1973; x_wconf 86' lang='lat' dir='ltr'>genus</span> <span class='ocrx_word' id='word_1_128' title='bbox 1051 1909 1071 1951; x_wconf 93' lang='lat' dir='ltr'>a</span> <span class='ocrx_word' id='word_1_129' title='bbox 1093 1887 1213 1953; x_wconf 88' lang='lat' dir='ltr'>criticis</span> <span class='ocrx_word' id='word_1_130' title='bbox 1238 1888 1279 1953; x_wconf 90' lang='lat' dir='ltr'>ad</span> <span class='ocrx_word' id='word_1_131' title='bbox 1303 1889 1410 1974; x_wconf 72' lang='lat' dir='ltr'>gruem</span> <span class='ocrx_word' id='word_1_132' title='bbox 1434 1952 1441 1967; x_wconf 75' lang='grc'>,</span> 
     </span>
     <span class='ocr_line' id='line_1_16' title="bbox 261 1994 1410 2080; baseline 0 -19"><span class='ocrx_word' id='word_1_133' title='bbox 261 1995 400 2080; x_wconf 85' lang='lat' dir='ltr'>exempli</span> <span class='ocrx_word' id='word_1_134' title='bbox 420 1994 677 2060; x_wconf 88' lang='lat' dir='ltr'>similitudinem.</span> <span class='ocrx_word' id='word_1_135' title='bbox 709 1995 852 2060; x_wconf 88' lang='lat' dir='ltr'>Rursum</span> <span class='ocrx_word' id='word_1_136' title='bbox 871 1999 981 2060; x_wconf 89' lang='lat' dir='ltr'>autem</span> <span class='ocrx_word' id='word_1_137' title='bbox 1000 1994 1175 2080; x_wconf 84' lang='lat' dir='ltr'>singularis</span> <span class='ocrx_word' id='word_1_138' title='bbox 1193 1994 1279 2060; x_wconf 90' lang='lat' dir='ltr'>ratio</span> <span class='ocrx_word' id='word_1_139' title='bbox 1300 2016 1410 2061; x_wconf 89' lang='lat' dir='ltr'>eorum</span> 
     </span>
     <span class='ocr_line' id='line_1_17' title="bbox 262 2101 1410 2187; baseline 0.001 -20"><span class='ocrx_word' id='word_1_140' title='bbox 262 2106 312 2168; x_wconf 90' lang='lat' dir='ltr'>est</span> <span class='ocrx_word' id='word_1_141' title='bbox 335 2124 416 2187; x_wconf 90' lang='lat' dir='ltr'>quae</span> <span class='ocrx_word' id='word_1_142' title='bbox 440 2102 560 2167; x_wconf 82' lang='lat' dir='ltr'>extrita</span> <span class='ocrx_word' id='word_1_143' title='bbox 581 2123 597 2166; x_wconf 84' lang='lat' dir='ltr'>s</span> <span class='ocrx_word' id='word_1_144' title='bbox 620 2102 730 2166; x_wconf 85' lang='lat' dir='ltr'>littera</span> <span class='ocrx_word' id='word_1_145' title='bbox 753 2101 787 2165; x_wconf 92' lang='lat' dir='ltr'>in</span> <span class='ocrx_word' id='word_1_146' title='bbox 809 2123 855 2180; x_wconf 82' lang='lat' dir='ltr'>en,</span> <span class='ocrx_word' id='word_1_147' title='bbox 878 2103 913 2166; x_wconf 80' lang='lat' dir='ltr'>ia</span> <span class='ocrx_word' id='word_1_148' title='bbox 936 2101 1126 2167; x_wconf 85' lang='lat' dir='ltr'>abbreviata</span> <span class='ocrx_word' id='word_1_149' title='bbox 1150 2104 1234 2185; x_wconf 88' lang='lat' dir='ltr'>sunt,</span> <span class='ocrx_word' id='word_1_150' title='bbox 1257 2105 1296 2166; x_wconf 91' lang='lat' dir='ltr'>ut</span> <span class='ocrx_word' id='word_1_151' title='bbox 1319 2104 1410 2168; x_wconf 72' lang='lat' dir='ltr'>reales</span> 
     </span>
     <span class='ocr_line' id='line_1_18' title="bbox 261 2208 1411 2293; baseline 0 -19"><span class='ocrx_word' id='word_1_152' title='bbox 261 2211 363 2275; x_wconf 69' lang='lat' dir='ltr'>aladen</span> <span class='ocrx_word' id='word_1_153' title='bbox 384 2211 484 2274; x_wconf 68' lang='lat' dir='ltr'>aridia</span> <span class='ocrx_word' id='word_1_154' title='bbox 506 2209 589 2274; x_wconf 80' lang='lat' dir='ltr'>abia.</span> <span class='ocrx_word' id='word_1_155' title='bbox 635 2208 723 2285; x_wconf 83' lang='lat' dir='ltr'>Quae</span> <span class='ocrx_word' id='word_1_156' title='bbox 748 2231 805 2274; x_wconf 95' lang='lat' dir='ltr'>cur</span> <span class='ocrx_word' id='word_1_157' title='bbox 828 2212 902 2274; x_wconf 91' lang='lat' dir='ltr'>aute</span> <span class='ocrx_word' id='word_1_158' title='bbox 926 2212 1159 2274; x_wconf 73' lang='lat' dir='ltr'>consonantem</span> <span class='ocrx_word' id='word_1_159' title='bbox 1182 2209 1353 2293; x_wconf 87' lang='lat' dir='ltr'>collocata,</span> <span class='ocrx_word' id='word_1_160' title='bbox 1376 2213 1411 2274; x_wconf 93' lang='lat' dir='ltr'>ut</span> 
     </span>
     <span class='ocr_line' id='line_1_19' title="bbox 262 2316 1411 2402; baseline 0.001 -22"><span class='ocrx_word' id='word_1_161' title='bbox 262 2317 354 2381; x_wconf 81' lang='lat' dir='ltr'>nalen</span> <span class='ocrx_word' id='word_1_162' title='bbox 372 2321 471 2400; x_wconf 83' lang='lat' dir='ltr'>pater,</span> <span class='ocrx_word' id='word_1_163' title='bbox 493 2317 592 2382; x_wconf 67' lang='lat' dir='ltr'>araia</span> <span class='ocrx_word' id='word_1_164' title='bbox 615 2322 657 2401; x_wconf 82' lang='lat' dir='ltr'>ta,</span> <span class='ocrx_word' id='word_1_165' title='bbox 681 2316 878 2401; x_wconf 85' lang='lat' dir='ltr'>apostrophe</span> <span class='ocrx_word' id='word_1_166' title='bbox 899 2320 1089 2402; x_wconf 84' lang='lat' dir='ltr'>augeantur,</span> <span class='ocrx_word' id='word_1_167' title='bbox 1111 2317 1252 2400; x_wconf 88' lang='lat' dir='ltr'>primum</span> <span class='ocrx_word' id='word_1_168' title='bbox 1276 2338 1346 2382; x_wconf 90' lang='lat' dir='ltr'>non</span> <span class='ocrx_word' id='word_1_169' title='bbox 1369 2318 1411 2381; x_wconf 89' lang='lat' dir='ltr'>sit</span> 
     </span>
     <span class='ocr_line' id='line_1_20' title="bbox 262 2422 1410 2510; baseline 0.002 -22"><span class='ocrx_word' id='word_1_170' title='bbox 262 2423 333 2507; x_wconf 87' lang='lat' dir='ltr'>plus</span> <span class='ocrx_word' id='word_1_171' title='bbox 357 2445 489 2489; x_wconf 87' lang='lat' dir='ltr'>caussae</span> <span class='ocrx_word' id='word_1_172' title='bbox 512 2422 658 2489; x_wconf 89' lang='lat' dir='ltr'>futurum</span> <span class='ocrx_word' id='word_1_173' title='bbox 681 2446 778 2509; x_wconf 92' lang='lat' dir='ltr'>quam</span> <span class='ocrx_word' id='word_1_174' title='bbox 806 2425 840 2489; x_wconf 92' lang='lat' dir='ltr'>in</span> <span class='ocrx_word' id='word_1_175' title='bbox 867 2423 983 2490; x_wconf 78' lang='lat' dir='ltr'>habeon</span> <span class='ocrx_word' id='word_1_176' title='bbox 1003 2430 1147 2507; x_wconf 78' lang='lat' dir='ltr'>pactam:</span> <span class='ocrx_word' id='word_1_177' title='bbox 1180 2428 1215 2488; x_wconf 88' lang='lat' dir='ltr'>at</span> <span class='ocrx_word' id='word_1_178' title='bbox 1244 2425 1410 2510; x_wconf 87' lang='lat' dir='ltr'>aliquanto</span> 
     </span>
     <span class='ocr_line' id='line_1_21' title="bbox 263 2530 1410 2617; baseline 0.002 -21"><span class='ocrx_word' id='word_1_179' title='bbox 263 2532 342 2596; x_wconf 90' lang='lat' dir='ltr'>adeo</span> <span class='ocrx_word' id='word_1_180' title='bbox 362 2530 468 2597; x_wconf 90' lang='lat' dir='ltr'>minus</span> <span class='ocrx_word' id='word_1_181' title='bbox 493 2553 561 2597; x_wconf 90' lang='lat' dir='ltr'>esse</span> <span class='ocrx_word' id='word_1_182' title='bbox 585 2531 661 2598; x_wconf 89' lang='lat' dir='ltr'>hinc</span> <span class='ocrx_word' id='word_1_183' title='bbox 684 2533 878 2617; x_wconf 89' lang='lat' dir='ltr'>perspicitur</span> <span class='ocrx_word' id='word_1_184' title='bbox 901 2532 1002 2617; x_wconf 84' lang='lat' dir='ltr'>quod,</span> <span class='ocrx_word' id='word_1_185' title='bbox 1025 2532 1052 2597; x_wconf 90' lang='lat' dir='ltr'>si</span> <span class='ocrx_word' id='word_1_186' title='bbox 1075 2532 1177 2598; x_wconf 77' lang='lat' dir='ltr'>ualen’</span> <span class='ocrx_word' id='word_1_187' title='bbox 1200 2534 1311 2598; x_wconf 73' lang='lat' dir='ltr'>asdin’</span> <span class='ocrx_word' id='word_1_188' title='bbox 1336 2534 1410 2598; x_wconf 91' lang='lat' dir='ltr'>scri·</span> 
     </span>
     <span class='ocr_line' id='line_1_22' title="bbox 262 2639 1410 2728; baseline 0.003 -24"><span class='ocrx_word' id='word_1_189' title='bbox 262 2639 370 2724; x_wconf 79' lang='lat' dir='ltr'>batur,</span> <span class='ocrx_word' id='word_1_190' title='bbox 391 2639 471 2704; x_wconf 89' lang='lat' dir='ltr'>haec</span> <span class='ocrx_word' id='word_1_191' title='bbox 494 2661 562 2705; x_wconf 91' lang='lat' dir='ltr'>nou</span> <span class='ocrx_word' id='word_1_192' title='bbox 585 2642 691 2725; x_wconf 87' lang='lat' dir='ltr'>possis</span> <span class='ocrx_word' id='word_1_193' title='bbox 714 2662 780 2706; x_wconf 90' lang='lat' dir='ltr'>nou</span> <span class='ocrx_word' id='word_1_194' title='bbox 802 2663 863 2726; x_wconf 93' lang='lat' dir='ltr'>pro</span> <span class='ocrx_word' id='word_1_195' title='bbox 886 2642 994 2707; x_wconf 66' lang='lat' dir='ltr'>arolam</span> <span class='ocrx_word' id='word_1_196' title='bbox 1015 2643 1130 2707; x_wconf 79' lang='lat' dir='ltr'>audine</span> <span class='ocrx_word' id='word_1_197' title='bbox 1148 2640 1236 2707; x_wconf 86' lang='lat' dir='ltr'>dicta</span> <span class='ocrx_word' id='word_1_198' title='bbox 1254 2643 1410 2728; x_wconf 88' lang='lat' dir='ltr'>accipere,</span> 
     </span>
     <span class='ocr_line' id='line_1_23' title="bbox 263 2748 1410 2835; baseline 0.001 -23"><span class='ocrx_word' id='word_1_199' title='bbox 263 2768 345 2832; x_wconf 88' lang='lat' dir='ltr'>quae</span> <span class='ocrx_word' id='word_1_200' title='bbox 378 2752 488 2813; x_wconf 88' lang='lat' dir='ltr'>tamen</span> <span class='ocrx_word' id='word_1_201' title='bbox 522 2748 645 2812; x_wconf 87' lang='lat' dir='ltr'>formae</span> <span class='ocrx_word' id='word_1_202' title='bbox 681 2770 858 2834; x_wconf 91' lang='lat' dir='ltr'>numquam</span> <span class='ocrx_word' id='word_1_203' title='bbox 891 2750 993 2813; x_wconf 89' lang='lat' dir='ltr'>fuere:</span> <span class='ocrx_word' id='word_1_204' title='bbox 1030 2771 1107 2813; x_wconf 91' lang='lat' dir='ltr'>nam</span> <span class='ocrx_word' id='word_1_205' title='bbox 1140 2771 1204 2814; x_wconf 88' lang='lat' dir='ltr'>uua</span> <span class='ocrx_word' id='word_1_206' title='bbox 1236 2749 1410 2835; x_wconf 86' lang='lat' dir='ltr'>eademque</span> 
     </span>
     <span class='ocr_line' id='line_1_24' title="bbox 261 2854 1411 2943; baseline 0.003 -24"><span class='ocrx_word' id='word_1_207' title='bbox 261 2854 444 2926; x_wconf 87' lang='lat' dir='ltr'>mutatione</span> <span class='ocrx_word' id='word_1_208' title='bbox 471 2857 586 2941; x_wconf 87' lang='lat' dir='ltr'>plenae</span> <span class='ocrx_word' id='word_1_209' title='bbox 612 2857 737 2922; x_wconf 76' lang='lat' dir='ltr'>uolosae</span> <span class='ocrx_word' id='word_1_210' title='bbox 763 2859 893 2923; x_wconf 78' lang='lat' dir='ltr'>audisne</span> <span class='ocrx_word' id='word_1_211' title='bbox 916 2879 1011 2923; x_wconf 87' lang='lat' dir='ltr'>voces</span> <span class='ocrx_word' id='word_1_212' title='bbox 1034 2860 1068 2921; x_wconf 86' lang='lat' dir='ltr'>ct</span> <span class='ocrx_word' id='word_1_213' title='bbox 1089 2877 1106 2922; x_wconf 83' lang='lat' dir='ltr'>s</span> <span class='ocrx_word' id='word_1_214' title='bbox 1128 2859 1162 2920; x_wconf 91' lang='lat' dir='ltr'>et</span> <span class='ocrx_word' id='word_1_215' title='bbox 1184 2877 1200 2922; x_wconf 88' lang='lat' dir='ltr'>e</span> <span class='ocrx_word' id='word_1_216' title='bbox 1223 2857 1411 2943; x_wconf 88' lang='lat' dir='ltr'>amiserunt,</span> 
     </span>
     <span class='ocr_line' id='line_1_25' title="bbox 261 2962 1410 3050; baseline 0.005 -25"><span class='ocrx_word' id='word_1_217' title='bbox 261 2983 321 3026; x_wconf 91' lang='lat' dir='ltr'>nec</span> <span class='ocrx_word' id='word_1_218' title='bbox 345 2963 450 3048; x_wconf 85' lang='lat' dir='ltr'>magis</span> <span class='ocrx_word' id='word_1_219' title='bbox 473 2965 582 3030; x_wconf 73' lang='lat' dir='ltr'>ualere</span> <span class='ocrx_word' id='word_1_220' title='bbox 604 2986 701 3050; x_wconf 93' lang='lat' dir='ltr'>quam</span> <span class='ocrx_word' id='word_1_221' title='bbox 724 2965 833 3029; x_wconf 70' lang='lat' dir='ltr'>nalem</span> <span class='ocrx_word' id='word_1_222' title='bbox 856 2965 1066 3030; x_wconf 90' lang='lat' dir='ltr'>admiserunt.</span> <span class='ocrx_word' id='word_1_223' title='bbox 1107 2962 1192 3028; x_wconf 91' lang='lat' dir='ltr'>Hinc</span> <span class='ocrx_word' id='word_1_224' title='bbox 1215 2964 1319 3049; x_wconf 85' lang='lat' dir='ltr'>igitur</span> <span class='ocrx_word' id='word_1_225' title='bbox 1337 2987 1410 3031; x_wconf 90' lang='lat' dir='ltr'>cou-</span> 
     </span>
     <span class='ocr_line' id='line_1_26' title="bbox 263 3071 1411 3159; baseline 0.003 -24"><span class='ocrx_word' id='word_1_226' title='bbox 263 3075 454 3137; x_wconf 87' lang='lat' dir='ltr'>sentaneum</span> <span class='ocrx_word' id='word_1_227' title='bbox 482 3073 587 3138; x_wconf 86' lang='lat' dir='ltr'>visum</span> <span class='ocrx_word' id='word_1_228' title='bbox 615 3071 824 3159; x_wconf 88' lang='lat' dir='ltr'>(quamquam</span> <span class='ocrx_word' id='word_1_229' title='bbox 853 3073 968 3138; x_wconf 88' lang='lat' dir='ltr'>talium</span> <span class='ocrx_word' id='word_1_230' title='bbox 995 3072 1121 3137; x_wconf 90' lang='lat' dir='ltr'>nullam</span> <span class='ocrx_word' id='word_1_231' title='bbox 1144 3093 1214 3137; x_wconf 91' lang='lat' dir='ltr'>esse</span> <span class='ocrx_word' id='word_1_232' title='bbox 1237 3074 1411 3138; x_wconf 85' lang='lat' dir='ltr'>necessita-</span> 
     </span>
     <span class='ocr_line' id='line_1_27' title="bbox 206 3167 1411 3265; baseline 0.003 -24"><span class='ocrx_word' id='word_1_233' title='bbox 206 3167 211 3175; x_wconf 37' lang='lat'><em>*</em></span> <span class='ocrx_word' id='word_1_234' title='bbox 264 3180 331 3241; x_wconf 89' lang='lat' dir='ltr'>tem</span> <span class='ocrx_word' id='word_1_235' title='bbox 362 3178 532 3265; x_wconf 80' lang='lat' dir='ltr'>largimur)</span> <span class='ocrx_word' id='word_1_236' title='bbox 566 3179 634 3244; x_wconf 88' lang='lat' dir='ltr'>siue</span> <span class='ocrx_word' id='word_1_237' title='bbox 651 3178 867 3264; x_wconf 87' lang='lat' dir='ltr'>&#39;apostropho</span> <span class='ocrx_word' id='word_1_238' title='bbox 900 3179 999 3245; x_wconf 90' lang='lat' dir='ltr'>etiam</span> <span class='ocrx_word' id='word_1_239' title='bbox 1031 3183 1107 3244; x_wconf 87' lang='lat' dir='ltr'>anta</span> <span class='ocrx_word' id='word_1_240' title='bbox 1139 3179 1286 3245; x_wconf 82' lang='lat' dir='ltr'>vocalem</span> <span class='ocrx_word' id='word_1_241' title='bbox 1319 3180 1411 3245; x_wconf 71' lang='lat' dir='ltr'>ardor</span> 
     </span>
     <span class='ocr_line' id='line_1_28' title="bbox 170 3285 1411 3368; baseline 0.002 -18"><span class='ocrx_word' id='word_1_242' title='bbox 170 3318 172 3321; x_wconf 29' lang='lat' dir='ltr'>v</span> <span class='ocrx_word' id='word_1_243' title='bbox 263 3290 376 3368; x_wconf 72' lang='lat' dir='ltr'>spectas</span> <span class='ocrx_word' id='word_1_244' title='bbox 403 3308 432 3351; x_wconf 85' lang='lat' dir='ltr'>v.</span> <span class='ocrx_word' id='word_1_245' title='bbox 456 3287 519 3351; x_wconf 87' lang='grc'>847</span> <span class='ocrx_word' id='word_1_246' title='bbox 549 3285 647 3352; x_wconf 91' lang='lat' dir='ltr'>scribi</span> <span class='ocrx_word' id='word_1_247' title='bbox 675 3291 708 3351; x_wconf 91' lang='lat' dir='ltr'>et</span> <span class='ocrx_word' id='word_1_248' title='bbox 735 3287 810 3353; x_wconf 80' lang='lat' dir='ltr'>abia</span> <span class='ocrx_word' id='word_1_249' title='bbox 836 3285 909 3352; x_wconf 75' lang='lat' dir='ltr'>birro</span> <span class='ocrx_word' id='word_1_250' title='bbox 938 3309 966 3351; x_wconf 92' lang='lat' dir='ltr'>v.</span> <span class='ocrx_word' id='word_1_251' title='bbox 994 3286 1069 3352; x_wconf 75' lang='lat'><strong>457.</strong></span> <span class='ocrx_word' id='word_1_252' title='bbox 1115 3285 1175 3352; x_wconf 85' lang='lat' dir='ltr'>Oui</span> <span class='ocrx_word' id='word_1_253' title='bbox 1204 3287 1339 3352; x_wconf 90' lang='lat' dir='ltr'>minime</span> <span class='ocrx_word' id='word_1_254' title='bbox 1367 3310 1411 3353; x_wconf 89' lang='lat' dir='ltr'>re·</span> 
     </span>
    </p>
   </div>
   <div class='ocr_carea' id='block_1_3' title="bbox 263 3498 1417 4552">
    <p class='ocr_par' dir='ltr' id='par_1_3' title="bbox 263 3498 1417 4552">
     <span class='ocr_line' id='line_1_29' title="bbox 334 3498 1414 3572; baseline 0.001 -18"><span class='ocrx_word' id='word_1_255' title='bbox 334 3501 364 3569; x_wconf 81' lang='grc'>*)</span> <span class='ocrx_word' id='word_1_256' title='bbox 382 3498 424 3554; x_wconf 81' lang='lat' dir='ltr'>Ea</span> <span class='ocrx_word' id='word_1_257' title='bbox 442 3499 583 3569; x_wconf 88' lang='lat' dir='ltr'>particula</span> <span class='ocrx_word' id='word_1_258' title='bbox 601 3499 657 3554; x_wconf 87' lang='lat' dir='ltr'>dici</span> <span class='ocrx_word' id='word_1_259' title='bbox 675 3500 773 3569; x_wconf 87' lang='lat' dir='ltr'>nequit</span> <span class='ocrx_word' id='word_1_260' title='bbox 791 3499 919 3569; x_wconf 90' lang='lat' dir='ltr'>quotiens</span> <span class='ocrx_word' id='word_1_261' title='bbox 937 3499 1114 3554; x_wconf 88' lang='lat' dir='ltr'>librariorum</span> <span class='ocrx_word' id='word_1_262' title='bbox 1133 3499 1242 3555; x_wconf 89' lang='lat' dir='ltr'>incuria</span> <span class='ocrx_word' id='word_1_263' title='bbox 1255 3500 1302 3556; x_wconf 86' lang='lat' dir='ltr'>vel</span> <span class='ocrx_word' id='word_1_264' title='bbox 1316 3500 1414 3572; x_wconf 86' lang='lat' dir='ltr'>elapsa</span> 
     </span>
     <span class='ocr_line' id='line_1_30' title="bbox 264 3587 1413 3658; baseline 0 -13"><span class='ocrx_word' id='word_1_265' title='bbox 264 3591 301 3645; x_wconf 91' lang='lat' dir='ltr'>sit</span> <span class='ocrx_word' id='word_1_266' title='bbox 319 3589 364 3644; x_wconf 89' lang='lat' dir='ltr'>vel</span> <span class='ocrx_word' id='word_1_267' title='bbox 383 3589 540 3644; x_wconf 85' lang='lat' dir='ltr'>obscurata.</span> <span class='ocrx_word' id='word_1_268' title='bbox 570 3587 660 3655; x_wconf 84' lang='lat' dir='ltr'>Quam</span> <span class='ocrx_word' id='word_1_269' title='bbox 678 3605 713 3644; x_wconf 84' lang='lat' dir='ltr'>cr</span> <span class='ocrx_word' id='word_1_270' title='bbox 731 3591 759 3644; x_wconf 78' lang='lat' dir='ltr'><strong><em>A</em></strong></span> <span class='ocrx_word' id='word_1_271' title='bbox 775 3588 968 3644; x_wconf 84' lang='lat' dir='ltr'>revocavimus</span> <span class='ocrx_word' id='word_1_272' title='bbox 987 3608 1012 3645; x_wconf 91' lang='lat' dir='ltr'>v.</span> <span class='ocrx_word' id='word_1_273' title='bbox 1028 3595 1088 3644; x_wconf 76' lang='grc'><strong>360.</strong></span> <span class='ocrx_word' id='word_1_274' title='bbox 1109 3593 1169 3645; x_wconf 84' lang='grc'><strong>360.</strong></span> <span class='ocrx_word' id='word_1_275' title='bbox 1189 3594 1250 3645; x_wconf 83' lang='grc'><strong>378.</strong></span> <span class='ocrx_word' id='word_1_276' title='bbox 1269 3595 1333 3644; x_wconf 77' lang='lat'>420.</span> <span class='ocrx_word' id='word_1_277' title='bbox 1353 3595 1413 3658; x_wconf 75' lang='lat'>51⁶,</span> 
     </span>
     <span class='ocr_line' id='line_1_31' title="bbox 263 3678 1413 3749; baseline -0.001 -14"><span class='ocrx_word' id='word_1_278' title='bbox 263 3678 425 3735; x_wconf 88' lang='lat' dir='ltr'>coniectura</span> <span class='ocrx_word' id='word_1_279' title='bbox 439 3678 564 3732; x_wconf 85' lang='lat' dir='ltr'>additam</span> <span class='ocrx_word' id='word_1_280' title='bbox 580 3679 735 3749; x_wconf 87' lang='lat' dir='ltr'>recepimus</span> <span class='ocrx_word' id='word_1_281' title='bbox 749 3697 774 3733; x_wconf 90' lang='lat' dir='ltr'>v.</span> <span class='ocrx_word' id='word_1_282' title='bbox 791 3685 849 3733; x_wconf 80' lang='grc'><strong>375.</strong></span> <span class='ocrx_word' id='word_1_283' title='bbox 867 3683 926 3733; x_wconf 79' lang='grc'><strong>635.</strong></span> <span class='ocrx_word' id='word_1_284' title='bbox 942 3684 1001 3733; x_wconf 78' lang='grc'><strong>685.</strong></span> <span class='ocrx_word' id='word_1_285' title='bbox 1018 3684 1078 3747; x_wconf 81' lang='grc'>957,</span> <span class='ocrx_word' id='word_1_286' title='bbox 1097 3678 1183 3734; x_wconf 85' lang='lat' dir='ltr'>tutati</span> <span class='ocrx_word' id='word_1_287' title='bbox 1202 3696 1297 3734; x_wconf 86' lang='lat' dir='ltr'>sumus</span> <span class='ocrx_word' id='word_1_288' title='bbox 1316 3697 1343 3736; x_wconf 89' lang='lat' dir='ltr'>v.</span> <span class='ocrx_word' id='word_1_289' title='bbox 1354 3686 1413 3734; x_wconf 77' lang='lat'>642.</span> 
     </span>
     <span class='ocr_line' id='line_1_32' title="bbox 264 3767 1415 3838; baseline -0.001 -15"><span class='ocrx_word' id='word_1_290' title='bbox 264 3769 439 3837; x_wconf 81' lang='lat' dir='ltr'>Quamquam</span> <span class='ocrx_word' id='word_1_291' title='bbox 459 3767 545 3822; x_wconf 88' lang='lat' dir='ltr'>etiam</span> <span class='ocrx_word' id='word_1_292' title='bbox 564 3784 711 3838; x_wconf 88' lang='lat' dir='ltr'>perperam</span> <span class='ocrx_word' id='word_1_293' title='bbox 730 3768 759 3823; x_wconf 90' lang='lat' dir='ltr'>iu</span> <span class='ocrx_word' id='word_1_294' title='bbox 779 3768 921 3823; x_wconf 88' lang='lat' dir='ltr'>codicibus</span> <span class='ocrx_word' id='word_1_295' title='bbox 940 3768 1058 3823; x_wconf 88' lang='lat' dir='ltr'>accessit</span> <span class='ocrx_word' id='word_1_296' title='bbox 1075 3769 1108 3822; x_wconf 90' lang='lat' dir='ltr'>ut</span> <span class='ocrx_word' id='word_1_297' title='bbox 1125 3787 1151 3823; x_wconf 93' lang='lat' dir='ltr'>v.</span> <span class='ocrx_word' id='word_1_298' title='bbox 1168 3774 1228 3837; x_wconf 78' lang='lat'><strong>127,</strong></span> <span class='ocrx_word' id='word_1_299' title='bbox 1246 3767 1297 3821; x_wconf 91' lang='lat' dir='ltr'>ubi</span> <span class='ocrx_word' id='word_1_300' title='bbox 1315 3770 1415 3825; x_wconf 78' lang='lat' dir='ltr'>dedisti</span> 
     </span>
     <span class='ocr_line' id='line_1_33' title="bbox 264 3855 1414 3928; baseline 0.002 -16"><span class='ocrx_word' id='word_1_301' title='bbox 264 3856 429 3928; x_wconf 74' lang='lat' dir='ltr'>arpentum?</span> <span class='ocrx_word' id='word_1_302' title='bbox 448 3874 504 3913; x_wconf 90' lang='lat' dir='ltr'>nou</span> <span class='ocrx_word' id='word_1_303' title='bbox 522 3858 566 3912; x_wconf 90' lang='lat' dir='ltr'>est</span> <span class='ocrx_word' id='word_1_304' title='bbox 584 3857 794 3928; x_wconf 77' lang='lat' dir='ltr'>interrogantis,</span> <span class='ocrx_word' id='word_1_305' title='bbox 813 3858 861 3926; x_wconf 90' lang='lat' dir='ltr'>qui</span> <span class='ocrx_word' id='word_1_306' title='bbox 881 3856 955 3927; x_wconf 91' lang='lat' dir='ltr'>quod</span> <span class='ocrx_word' id='word_1_307' title='bbox 974 3855 1082 3912; x_wconf 86' lang='lat' dir='ltr'>nesciat</span> <span class='ocrx_word' id='word_1_308' title='bbox 1100 3856 1265 3927; x_wconf 87' lang='lat' dir='ltr'>sciscitetur,</span> <span class='ocrx_word' id='word_1_309' title='bbox 1286 3857 1336 3912; x_wconf 88' lang='lat' dir='ltr'>sed</span> <span class='ocrx_word' id='word_1_310' title='bbox 1351 3875 1414 3914; x_wconf 89' lang='lat' dir='ltr'>cum</span> 
     </span>
     <span class='ocr_line' id='line_1_34' title="bbox 264 3946 1415 4016; baseline 0 -14"><span class='ocrx_word' id='word_1_311' title='bbox 264 3946 392 4003; x_wconf 87' lang='lat' dir='ltr'>irrisione</span> <span class='ocrx_word' id='word_1_312' title='bbox 412 3947 579 4016; x_wconf 87' lang='lat' dir='ltr'>quaerentis.</span> <span class='ocrx_word' id='word_1_313' title='bbox 617 3946 747 4003; x_wconf 86' lang='lat' dir='ltr'>Dubitari</span> <span class='ocrx_word' id='word_1_314' title='bbox 771 3948 866 4016; x_wconf 88' lang='lat' dir='ltr'>potest</span> <span class='ocrx_word' id='word_1_315' title='bbox 888 3947 923 4003; x_wconf 91' lang='lat' dir='ltr'>de</span> <span class='ocrx_word' id='word_1_316' title='bbox 942 3965 968 4003; x_wconf 89' lang='lat' dir='ltr'>v.</span> <span class='ocrx_word' id='word_1_317' title='bbox 989 3952 1067 4016; x_wconf 78' lang='lat'>1046,</span> <span class='ocrx_word' id='word_1_318' title='bbox 1092 3963 1159 4001; x_wconf 90' lang='lat' dir='ltr'>num</span> <span class='ocrx_word' id='word_1_319' title='bbox 1177 3947 1281 4001; x_wconf 83' lang='lat' dir='ltr'>rectius</span> <span class='ocrx_word' id='word_1_320' title='bbox 1300 3947 1341 4001; x_wconf 91' lang='lat' dir='ltr'>ibi</span> <span class='ocrx_word' id='word_1_321' title='bbox 1358 3963 1415 4002; x_wconf 77' lang='lat' dir='ltr'>aon</span> 
     </span>
     <span class='ocr_line' id='line_1_35' title="bbox 264 4034 1415 4108; baseline 0 -16"><span class='ocrx_word' id='word_1_322' title='bbox 264 4053 349 4108; x_wconf 88' lang='lat' dir='ltr'>quam</span> <span class='ocrx_word' id='word_1_323' title='bbox 371 4053 462 4092; x_wconf 75' lang='lat' dir='ltr'>nonae</span> <span class='ocrx_word' id='word_1_324' title='bbox 485 4036 596 4107; x_wconf 83' lang='lat' dir='ltr'>legatur</span> <span class='ocrx_word' id='word_1_325' title='bbox 619 4037 670 4107; x_wconf 86' lang='lat' dir='ltr'>[sic</span> <span class='ocrx_word' id='word_1_326' title='bbox 694 4035 808 4106; x_wconf 56' lang='lat' dir='ltr'>Triufl,</span> <span class='ocrx_word' id='word_1_327' title='bbox 833 4036 910 4091; x_wconf 87' lang='lat' dir='ltr'>cuius</span> <span class='ocrx_word' id='word_1_328' title='bbox 933 4036 1053 4091; x_wconf 86' lang='lat' dir='ltr'>alterum</span> <span class='ocrx_word' id='word_1_329' title='bbox 1076 4053 1139 4091; x_wconf 90' lang='lat' dir='ltr'>cum</span> <span class='ocrx_word' id='word_1_330' title='bbox 1162 4034 1303 4092; x_wconf 90' lang='lat' dir='ltr'>infinitivo</span> <span class='ocrx_word' id='word_1_331' title='bbox 1321 4052 1415 4092; x_wconf 88' lang='lat' dir='ltr'>exem·</span> 
     </span>
     <span class='ocr_line' id='line_1_36' title="bbox 264 4125 1416 4196; baseline 0.001 -16"><span class='ocrx_word' id='word_1_332' title='bbox 264 4127 342 4196; x_wconf 90' lang='lat' dir='ltr'>plum</span> <span class='ocrx_word' id='word_1_333' title='bbox 361 4126 522 4181; x_wconf 85' lang='lat' dir='ltr'>Plautinum</span> <span class='ocrx_word' id='word_1_334' title='bbox 541 4126 678 4181; x_wconf 88' lang='lat' dir='ltr'>desidero.</span> <span class='ocrx_word' id='word_1_335' title='bbox 710 4126 797 4181; x_wconf 82' lang='lat' dir='ltr'>Recte</span> <span class='ocrx_word' id='word_1_336' title='bbox 812 4127 871 4181; x_wconf 90' lang='lat' dir='ltr'>sine</span> <span class='ocrx_word' id='word_1_337' title='bbox 889 4143 923 4180; x_wconf 78' lang='lat' dir='ltr'>aa</span> <span class='ocrx_word' id='word_1_338' title='bbox 940 4125 1129 4196; x_wconf 80' lang='lat' dir='ltr'>interrogatur</span> <span class='ocrx_word' id='word_1_339' title='bbox 1143 4143 1168 4180; x_wconf 92' lang='lat' dir='ltr'>v.</span> <span class='ocrx_word' id='word_1_340' title='bbox 1184 4130 1236 4178; x_wconf 84' lang='lat'>318</span> <span class='ocrx_word' id='word_1_341' title='bbox 1255 4127 1416 4195; x_wconf 74' lang='lat' dir='ltr'>exprobras,</span> 
     </span>
     <span class='ocr_line' id='line_1_37' title="bbox 266 4213 1416 4282; baseline 0.001 -12"><span class='ocrx_word' id='word_1_342' title='bbox 266 4222 316 4270; x_wconf 80' lang='lat'>605</span> <span class='ocrx_word' id='word_1_343' title='bbox 331 4217 391 4270; x_wconf 74' lang='lat' dir='ltr'>aiae</span> <span class='ocrx_word' id='word_1_344' title='bbox 404 4216 465 4270; x_wconf 80' lang='lat' dir='ltr'>dote</span> <span class='ocrx_word' id='word_1_345' title='bbox 478 4215 565 4282; x_wconf 81' lang='lat' dir='ltr'>dabit,</span> <span class='ocrx_word' id='word_1_346' title='bbox 585 4220 636 4270; x_wconf 76' lang='lat'>708</span> <span class='ocrx_word' id='word_1_347' title='bbox 651 4220 723 4270; x_wconf 64' lang='lat' dir='ltr'>maes</span> <span class='ocrx_word' id='word_1_348' title='bbox 740 4217 805 4282; x_wconf 82' lang='lat' dir='ltr'>iam,</span> <span class='ocrx_word' id='word_1_349' title='bbox 825 4222 876 4270; x_wconf 80' lang='lat'>912</span> <span class='ocrx_word' id='word_1_350' title='bbox 896 4217 953 4270; x_wconf 78' lang='lat' dir='ltr'>iam</span> <span class='ocrx_word' id='word_1_351' title='bbox 971 4213 1210 4281; x_wconf 59' lang='lat' dir='ltr'>mammatae,</span> <span class='ocrx_word' id='word_1_352' title='bbox 1230 4219 1283 4269; x_wconf 78' lang='lat'>982</span> <span class='ocrx_word' id='word_1_353' title='bbox 1302 4215 1416 4282; x_wconf 76' lang='lat' dir='ltr'>sassn&#39;a,</span> 
     </span>
     <span class='ocr_line' id='line_1_38' title="bbox 266 4297 1417 4376; baseline 0.002 -17"><span class='ocrx_word' id='word_1_354' title='bbox 266 4303 370 4375; x_wconf 81' lang='lat' dir='ltr'>dispari</span> <span class='ocrx_word' id='word_1_355' title='bbox 389 4306 484 4360; x_wconf 82' lang='lat' dir='ltr'>autem</span> <span class='ocrx_word' id='word_1_356' title='bbox 503 4303 611 4359; x_wconf 88' lang='lat' dir='ltr'>ratione</span> <span class='ocrx_word' id='word_1_357' title='bbox 629 4322 656 4359; x_wconf 94' lang='lat' dir='ltr'>v.</span> <span class='ocrx_word' id='word_1_358' title='bbox 676 4311 727 4359; x_wconf 81' lang='lat'>941</span> <span class='ocrx_word' id='word_1_359' title='bbox 752 4297 858 4360; x_wconf 76' lang='lat' dir='ltr'>ecaeld</span> <span class='ocrx_word' id='word_1_360' title='bbox 876 4307 908 4359; x_wconf 91' lang='lat' dir='ltr'>ut</span> <span class='ocrx_word' id='word_1_361' title='bbox 926 4304 1044 4359; x_wconf 89' lang='lat' dir='ltr'>videtur.</span> <span class='ocrx_word' id='word_1_362' title='bbox 1082 4303 1126 4374; x_wconf 90' lang='lat' dir='ltr'>[V.</span> <span class='ocrx_word' id='word_1_363' title='bbox 1147 4308 1200 4359; x_wconf 74' lang='lat'>982</span> <span class='ocrx_word' id='word_1_364' title='bbox 1217 4303 1417 4376; x_wconf 81' lang='lat' dir='ltr'>interrogatio·</span> 
     </span>
     <span class='ocr_line' id='line_1_39' title="bbox 266 4391 1417 4461; baseline 0.002 -13"><span class='ocrx_word' id='word_1_365' title='bbox 266 4410 331 4448; x_wconf 86' lang='lat' dir='ltr'>uem</span> <span class='ocrx_word' id='word_1_366' title='bbox 350 4409 434 4461; x_wconf 85' lang='lat' dir='ltr'>quam</span> <span class='ocrx_word' id='word_1_367' title='bbox 453 4394 596 4448; x_wconf 82' lang='lat' dir='ltr'>antaeum</span> <span class='ocrx_word' id='word_1_368' title='bbox 610 4393 770 4449; x_wconf 86' lang='lat' dir='ltr'>Hermanno</span> <span class='ocrx_word' id='word_1_369' title='bbox 785 4394 924 4449; x_wconf 86' lang='lat' dir='ltr'>statuerat</span> <span class='ocrx_word' id='word_1_370' title='bbox 936 4392 1105 4448; x_wconf 82' lang='lat' dir='ltr'>Ritschelius</span> <span class='ocrx_word' id='word_1_371' title='bbox 1119 4393 1148 4447; x_wconf 90' lang='lat' dir='ltr'>in</span> <span class='ocrx_word' id='word_1_372' title='bbox 1166 4391 1209 4448; x_wconf 90' lang='lat' dir='ltr'>ed.</span> <span class='ocrx_word' id='word_1_373' title='bbox 1230 4391 1322 4448; x_wconf 81' lang='lat' dir='ltr'>altera</span> <span class='ocrx_word' id='word_1_374' title='bbox 1341 4397 1417 4450; x_wconf 86' lang='lat' dir='ltr'>recte</span> 
     </span>
     <span class='ocr_line' id='line_1_40' title="bbox 265 4481 703 4552; baseline -0.002 -16"><span class='ocrx_word' id='word_1_375' title='bbox 265 4481 389 4552; x_wconf 84' lang='lat' dir='ltr'>Hauptio</span> <span class='ocrx_word' id='word_1_376' title='bbox 408 4481 595 4552; x_wconf 83' lang='lat' dir='ltr'>improbatam</span> <span class='ocrx_word' id='word_1_377' title='bbox 614 4481 703 4551; x_wconf 83' lang='lat' dir='ltr'>dicit]</span> 
     </span>
    </p>
   </div>
   <div class='ocr_carea' id='block_1_4' title="bbox 0 0 1510 5004">
    <p class='ocr_par' dir='ltr' id='par_1_4' title="bbox 0 0 1510 5004">
     <span class='ocr_line' id='line_1_41' title="bbox 0 0 1510 5004; baseline 0 0"><span class='ocrx_word' id='word_1_378' title='bbox 0 0 1510 5004; x_wconf 95' lang='lat' dir='ltr'> </span> 
     </span>
    </p>
   </div>
  </div>
 </body>
</html>
