2992 5004
444 346 708 397 auannnmonrs
731 346 942 396 aaavrrnaa.
991 336 992 340 ’
1205 325 1270 394 323

125 495 271 580 profecto
294 494 439 578 intersit,
461 494 510 559 his
532 493 658 559 cratitio
680 514 722 557 an
744 492 825 559 hisce
846 492 972 559 ceddam
993 491 1123 577 legatur
1145 513 1174 555 r.
1201 491 1272 556 177.

125 602 199 667 293.
221 602 303 686 402,
329 623 394 667 uno
422 602 454 665 A
482 601 561 665 duce
588 600 701 685 primis
730 600 856 665 duobus
879 601 1028 665 uersibus
1051 595 1184 684 illud*),
1211 597 1273 663 hoo

126 707 344 792 recipiendum
372 707 437 772 fuit
464 709 574 790 tertio,
603 713 716 773 contra
739 707 906 774 Palatinos
935 712 1118 791 utrumque.
1165 704 1217 770 Sic
1240 706 1274 769 in

125 837 159 879 se
182 814 266 879 nihil
288 814 411 880 habent
433 836 490 879 cur
509 817 566 878 aut
587 815 803 899 improbanda
821 816 889 879 sint
907 819 970 879 aut'
982 803 1017 878 iri
1036 813 1273 878 dubitationem

127 922 271 990 vocanda
293 944 322 986 v.
341 921 403 987 361
430 921 589 1005 opprobria,
613 922 679 987 384
696 923 851 1005 permitto,
875 922 940 986 843
961 922 1089 1005 faciam,
1111 922 1178 985 400
1196 941 1275 985 corn·

125 1032 221 1109 mode,
249 1029 315 1095 655
337 1030 458 1113 dmasti,
486 1027 551 1093 659
574 1049 624 1112 ac,
655 1029 740 1094 1064
766 1029 866 1093 ieta:
899 1033 932 1093 et
958 1032 1070 1093 tamen
1097 1027 1214 1092 horum
1242 1027 1276 1090 in

126 1137 233 1202 locum
265 1158 331 1201 non
362 1134 576 1202 dubitandum
608 1136 686 1219 quin
717 1157 756 1200 ex
784 1136 816 1199 A
848 1136 965 1201 merito
997 1135 1179 1201 substituta
1211 1135 1277 1198 siut

126 1244 284 1326 mprobra
298 1244 478 1326 permittam
485 1241 545 1329 ²²⁸),
561 1243 653 1323 focio,
672 1245 870 1327 contendum,
890 1248 923 1307 tu
941 1244 1023 1309 decri
1037 1241 1137 1329 (quod
1155 1242 1278 1307 imitati

127 1373 239 1415 sumus
268 1374 297 1416 v.
321 1348 414 1438 556),
444 1356 491 1428 ut,
523 1370 634 1416 moues.
686 1350 891 1435 Quamquam
915 1372 1158 1435 nonnumquam
1181 1349 1277 1414 facile

131 1460 268 1524 sentitur
296 1481 365 1540 cur,
392 1459 476 1542 quod
506 1480 563 1542 per
590 1481 624 1522 se
654 1458 737 1522 nihil
765 1457 886 1524 habere
910 1457 1099 1524 offensionis
1122 1457 1278 1538 videatur,

127 1570 238 1631 tamen
260 1565 470 1647 Ambrosiani
499 1566 675 1631 memoriae
705 1567 756 1631 vel
786 1571 823 1632 ut
850 1566 958 1630 minus
991 1565 1189 1649 exquisitum
1221 1568 1279 1628 aut

128 1673 259 1758 elegans
287 1673 548 1757 posthabendum
576 1674 635 1757 sit,
662 1696 688 1738 e.
711 1695 737 1738 o.
759 1675 796 1739 de
818 1675 951 1739 stultitia
977 1693 1045 1738 meu
1072 1696 1102 1737 v.
1125 1673 1189 1737 509
1218 1693 1276 1756 pro

127 1782 163 1845 dc
196 1781 336 1845 stultitiis
367 1778 532 1868 meis***),
562 1780 615 1846 vel
646 1785 684 1845 ut
716 1781 824 1845 minus
856 1785 942 1846 recte
972 1780 1166 1863 cogitatum,
1198 1801 1224 1844 e.
1252 1801 1279 1844 c.

127 1888 258 1970 depellor
278 1910 305 1952 v.
324 1887 390 1952 640
409 1909 468 1971 pro
491 1888 634 1972 depellar,
657 1889 708 1954 vel
732 1888 870 1972 denique
894 1893 931 1953 ut
954 1887 1061 1952 minus
1085 1885 1279 1951 conveniens

129 1995 163 2059 in
186 1994 339 2080 loquendi
363 1995 631 2060 consuetudinem
655 1995 855 2078 Plautinum,
879 1995 964 2060 siout
986 2017 1014 2058 v.
1038 1994 1090 2059 85.
1113 1995 1189 2059 215.
1213 1994 1284 2060 313.

130 2104 216 2167 bona
238 2124 296 2186 per
319 2124 353 2166 se
377 2102 535 2167 voeabula
557 2103 703 2186 culmine,
730 2104 859 2186 insciae,
888 2107 1105 2186 tcyumentum,
1128 2123 1186 2185 pro
1209 2101 1279 2185 qui-

129 2210 190 2274 bus
213 2209 343 2296 quidem
366 2210 481 2275 formis
505 2232 524 2273 a
547 2209 656 2274 Plauti
685 2230 745 2273 usu
769 2207 882 2273 alienis
912 2230 965 2272 eas
994 2209 1083 2291 ipsas
1106 2208 1139 2272 A
1162 2229 1276 2292 suppe-
1291 2228 1356 2269 axv

128 2315 226 2401 ditat,
253 2339 334 2402 quas
361 2317 417 2382 ille
445 2318 532 2382 solas
561 2316 663 2382 novit:
691 2317 876 2381 columine
898 2320 936 2381 ut
959 2315 1077 2400 Amph.
1101 2314 1127 2399 1,
1153 2318 1180 2399 1,
1206 2316 1280 2385 211.

130 2422 202 2491 (las.
225 2424 283 2508 llI,
306 2426 336 2510 2,
359 2425 388 2489 6.
421 2424 515 2509 Epid.
534 2424 581 2508 ΙΙ,
604 2425 639 2509 2,
663 2424 697 2490 5:
729 2425 893 2489 insciens
915 2428 953 2488 ut
976 2422 1059 2487 Men.
1083 2421 1145 2506 III,
1168 2422 1203 2500 2,
1227 2420 1279 2487 30.

79 2529 83 2536 ’
130 2530 198 2595 Mil.
220 2530 278 2609 ΙΙΙ,
301 2531 332 2615 3,
355 2532 406 2596 20.
444 2531 558 2598 Pseud.
582 2531 694 2616 111,2,
718 2531 771 2597 54.
808 2528 901 2615 Capt.
924 2531 1007 2615 prol.
1030 2531 1082 2595 45.
1105 2529 1163 2593 46;
1186 2530 1279 2593 inte·

127 2644 340 2721 pomeretam
363 2644 399 2703 ut
422 2638 538 2706 Bacch.
558 2638 614 2723 IV,
640 2639 671 2723 2,
699 2639 746 2705 19.
770 2640 821 2705 20.
846 2639 897 2703 23.
935 2637 1024 2714 Quae
1048 2642 1157 2702 autem
1175 2657 1280 2701 novae

132 2746 264 2811 voculae
292 2747 461 2831 accedunt,
489 2769 548 2812 neo
575 2748 615 2812 ad
645 2747 841 2812 sententiam
869 2747 944 2811 illae
975 2768 1035 2810 nec
1066 2745 1107 2810 ad
1139 2748 1280 2809 metrum

130 2854 340 2938 necessariae,
365 2877 562 2941 quamquam
581 2855 712 2921 eaedem
735 2877 795 2921 neo
818 2854 1049 2932 incommodae,
1073 2852 1162 2917 velut
1184 2874 1213 2915 v.
1236 2850 1281 2941 45

130 2961 192 3041 tie,
222 2962 265 3027 70
288 2967 335 3045 tu,
363 2963 429 3027 234
450 2968 499 3047 ut,
527 2963 592 3027 042
614 2961 705 3042 torae,
735 2962 812 3026 alibi
836 2962 933 3044 aliae,
957 2960 1004 3024 eis
1028 2958 1176 3024 veritatis
1200 2956 1279 3021 fides

132 3069 213 3133 satis
241 3069 317 3134 hinc
345 3074 462 3154 parata
489 3074 551 3153 ost,
579 3068 665 3155 quod
694 3070 825 3135 omnino
853 3070 904 3134 his
937 3068 1063 3133 duobus
1097 3064 1281 3150 generibus,

132 3198 215 3260 quae
241 3177 391 3242 consulto
419 3177 634 3262 aacriptorum
668 3177 903 3262 glossematum
931 3174 1113 3240 accessione
1142 3176 1175 3236 et
1202 3192 1279 3236 casu

131 3283 316 3368 elapsorum
349 3285 580 3349 vocabulorum
611 3283 786 3349 omissione
819 3283 1038 3364 continentur,
1071 3277 1280 3364 antiquitatis

132 3390 371 3456 commendatio
398 3391 569 3476 praecipue
597 3395 760 3456 censetur:
788 3395 838 3474 ut,
867 3411 930 3474 quo
954 3390 1026 3475 quis
1051 3388 1149 3453 codex
1173 3389 1207 3450 et
1229 3407 1280 3448 ve-

134 3498 252 3563 tustior
280 3498 323 3563 sit
352 3504 384 3564 et
410 3502 543 3585 propter
570 3499 677 3583 ipsam
700 3502 896 3563 vetustatem
925 3496 1160 3581 praestantior,
1187 3514 1224 3557 eo
1249 3495 1282 3554 et

131 3604 291 3670 futtilium
309 3606 530 3672 accessionum
553 3605 659 3672 minus
684 3609 717 3669 et
738 3606 812 3690 plus
835 3603 1090 3686 commodarum,
1110 3603 1280 3686 quantum·

133 3712 182 3776 vis
201 3734 266 3778 non
285 3713 549 3796 necessariarum,
567 3716 685 3777 teneat.
720 3712 819 3778 Porro
839 3712 937 3777 etiam
957 3711 991 3775 in
1008 3707 1280 3794 transpositiones

133 3818 275 3883 eiusdem
304 3819 393 3885 illius
421 3819 488 3885 vim
516 3818 773 3884 ratiocinationis
801 3818 908 3883 valere
937 3819 1189 3882 cousentaneum
1222 3818 1281 3878 est.

135 3924 233 3991 Velut
255 3926 339 3991 nihil
363 3929 413 3991 est
437 3947 514 3991 sane
538 3946 595 3989 cur
618 3925 787 4009 displiceat
810 3925 866 4009 qui
889 3925 923 4018 in
951 3923 1110 3988 Palatinis
1135 3926 1185 3986 est
1212 3944 1281 3986 ver-

148 4100 153 4114 ’
223 4118 249 4187 *)
275 4119 312 4190 [v.
333 4125 382 4174 itt
403 4119 432 4174 in
455 4119 498 4174 ed.
522 4118 571 4173 alt.
590 4116 761 4173 Ritschelius
784 4133 847 4171 cnm
870 4115 1051 4171 Fleckeiseno
1073 4116 1145 4170 hisce
1167 4115 1281 4170 aedatm

135 4207 257 4277 scripsit,
282 4209 315 4262 ut
333 4226 359 4262 v.
378 4214 421 4264 ³0.
444 4207 514 4279 124]

203 4295 245 4366 ’*)
270 4297 435 4368 [enmono
454 4298 496 4352 Aa
518 4313 581 4351 cum
605 4293 722 4362 ceteris,
741 4296 773 4348 ut
803 4313 828 4349 v.
854 4301 932 4363 1061,
958 4294 1027 4350 item
1054 4294 1226 4351 Ritsehelius
1251 4294 1281 4350 in

150 4385 178 4440 d.
216 4384 246 4440 lt.
971 4385 977 4394 ’

133 4403 149 4440 ⁰
187 4387 311 4547 g*)][dc
332 4478 444 4532 diuitiis
468 4479 534 4531 meis
557 4493 620 4530 eum
639 4473 761 4544 Bergkio
781 4473 951 4529 Ritschelius
970 4472 1084 4542 scripsit
1107 4472 1136 4528 in
1154 4474 1197 4529 ed.
1217 4472 1279 4540 alt]

1013 4564 1068 4616 21*
