2918 5004
446 368 681 417 usrsrnrscun
704 368 830 415 sansu.
1143 349 1207 415 655

62 532 134 575 mea
152 532 265 576 eorum
287 509 519 595 condicionem,
542 511 659 595 quibus
682 511 717 575 in
739 510 801 575 hoc
824 511 896 595 ipso
919 508 991 574 loco
1014 507 1125 574 Idibus
1148 509 1207 575 Oc-

63 618 211 683 tobribus
244 618 417 704 quotannis
451 618 608 684 orandum
637 622 699 683 est:
729 618 813 683 hauc
845 616 973 703 quidem
1002 638 1040 682 eo
1076 617 1207 680 nomine

60 725 299 810 praedicabam,
327 725 412 810 quod
440 726 564 811 gratiae
594 728 627 789 et
654 725 830 809 voluptatis
858 725 961 790 multo
990 724 1064 807 plus
1088 721 1208 788 habere

62 833 281 916 praesentium
306 854 412 897 rerum
440 833 599 917 cogitatio
627 854 725 916 quam
749 832 930 897 recordatio
958 831 1207 916 praeteritarum

62 938 188 1003 soleret.
226 938 318 1016 Quod
337 939 398 1003 etsi
421 939 517 1003 hodie
541 961 667 1024 quoque
691 939 807 1022 sentio,
830 943 940 1004 tamen
964 937 1049 1003 baud
1074 938 1141 1001 scio
1166 959 1207 1000 an

61 1067 99 1108 er
129 1067 167 1109 ea
197 1045 385 1111 diversitate
414 1050 580 1131 tamquam
611 1069 628 1110 c
659 1046 821 1112 communi
850 1045 941 1109 fonte
971 1044 1093 1128 aliquid
1124 1065 1208 1109 com-

61 1152 147 1218 modi
178 1152 213 1216 in
242 1175 302 1217 nos
331 1152 501 1234 redundet,
532 1175 595 1237 quo
626 1151 822 1218 incommodi
856 1151 943 1216 illius
976 1149 1208 1216 detrimentum

61 1280 128 1324 non
147 1258 352 1325 mediocriter
370 1261 574 1325 resarciatur.
607 1259 737 1338 Quanto
757 1260 844 1324 euim
861 1259 1080 1345 praesentium
1099 1279 1207 1322 rerum

62 1386 139 1450 prae
167 1366 353 1449 praeteritis
380 1366 579 1452 improbatio
607 1367 811 1451 invidiosior,
839 1369 932 1433 tanto
961 1363 1028 1431 fere
1055 1364 1209 1449 suspitio·

63 1473 130 1538 sior
148 1472 287 1538 viventis
306 1473 510 1558 rigentiaque
530 1495 627 1557 quam
646 1472 790 1538 defuncti
809 1473 964 1558 principis
985 1477 1035 1538 est
1054 1471 1208 1537 laudatio.

61 1578 146 1645 Nam
171 1602 243 1645 cum
266 1580 360 1645 facile
385 1580 510 1645 accidat
533 1583 583 1664 ut,
612 1578 686 1645 dum
710 1580 744 1643 in
768 1580 915 1646 vivorum
943 1580 1039 1645 laude
1061 1580 1209 1661 versaris,

63 1687 204 1772 gratiam
235 1691 367 1772 captare
398 1687 552 1752 simulata
583 1687 797 1752 admiratione
828 1687 969 1752 videare:
1002 1690 1116 1752 contra
1142 1706 1208 1750 non

63 1793 195 1859 dubiam
224 1794 422 1859 sinceritatis
450 1795 763 1860 commendationem
792 1794 912 1860 habere
935 1795 1124 1879 incorrupta
1147 1815 1208 1857 vox

32 1947 38 1957 ,
62 1901 267 1985 posteritatis
296 1901 451 1986 creditur,
477 1923 537 1967 nec
564 1902 711 1985 profecto
745 1901 887 1966 creditur
918 1903 1091 1967 immerito.
1138 1900 1209 1966 Hoc

61 2008 164 2093 igitur
193 2029 254 2072 nos
285 2030 413 2093 quoqne
443 2009 605 2094 praesidio
636 2008 700 2073 tuti
729 2031 796 2073 non
826 2013 876 2074 est
904 2031 960 2074 cur
988 2009 1090 2074 ullam
1113 2007 1208 2073 nobis

63 2114 275 2199 suspitionem
304 2114 525 2179 declinandam
549 2136 620 2179 esse
645 2115 836 2200 sentiamus,
863 2138 937 2180 cum
960 2115 1001 2180 ad
1024 2137 1097 2180 eum
1121 2116 1209 2200 prin·

63 2221 167 2305 cipem
186 2220 288 2286 libero
304 2242 358 2286 ore
374 2221 600 2287 celebrandum
617 2221 721 2287 denuo
737 2221 952 2307 aggredimur,
971 2223 1061 2288 cuius
1078 2227 1208 2288 sanctae

63 2327 237 2392 memoriae
260 2326 357 2391 huius
380 2327 444 2391 diei
468 2328 671 2393 sollemnitas
695 2327 800 2393 dicata
828 2332 886 2393 est
931 2328 1001 2394 Iam
1025 2330 1110 2395 enim
1133 2332 1212 2417 post,

66 2437 118 2498 tot
145 2421 302 2499 annorum
331 2435 485 2518 spatium,
514 2440 595 2521 quot
622 2436 683 2500 etsi
711 2458 768 2519 per
796 2459 829 2500 se
856 2438 950 2522 pauci
979 2441 1069 2520 sunt,
1097 2440 1209 2503 tamen

62 2544 207 2624 ereptum
235 2540 298 2604 sibi
325 2542 528 2607 carissimum
556 2541 680 2628 Regem
712 2546 745 2609 et
775 2545 995 2609 maerentibus
1026 2549 1059 2609 et
1088 2544 1209 2608 deside·

62 2647 211 2712 rantibus
238 2669 304 2713 non
331 2652 470 2732 possunt
497 2671 564 2715 non
591 2650 686 2714 multi
717 2648 832 2734 videri,
863 2655 896 2715 et
927 2651 976 2714 ira
1004 2655 1037 2715 et
1064 2650 1208 2715 studium

62 2755 260 2819 conticuere:
292 2777 351 2819 nec
379 2755 553 2820 verendum
581 2761 631 2821 est
653 2777 703 2839 ne,
735 2756 821 2840 qnod
844 2757 879 2820 in
898 2756 989 2822 Divo
1012 2755 1207 2821 anuarco

62 2859 254 2924 vasnno'
273 2858 322 2923 III
345 2857 535 2944 laudemus,
556 2863 607 2927 vel
636 2860 837 2927 audientium
869 2861 932 2926 fide
960 2867 1069 2927 careat
1097 2863 1149 2927 vel
1174 2862 1209 2927 in

63 2965 206 3050 aliquam
239 2966 307 3030 sive
339 2968 565 3033 immodestiae
598 2968 665 3033 siue
698 2968 891 3033 ambitiosae
923 2967 1209 3054 reprehensionem

63 3072 295 3138 assentationis
313 3072 465 3138 incurrat
503 3072 652 3159 Augetur
671 3074 825 3139 laudandi
843 3073 1038 3139 confidentia
1057 3096 1095 3139 eo
1114 3074 1209 3159 quod,

64 3202 280 3265 cumeorum,
308 3201 390 3266 quae
415 3179 626 3244 cummaxime
654 3181 749 3264 fiunt,
775 3180 872 3247 facile
900 3179 1010 3245 fallaci
1039 3181 1144 3265 specie
1171 3185 1209 3246 ut

62 3310 173 3352 sumus
195 3287 344 3352 homines
369 3287 580 3371 decipiamur:
604 3286 637 3351 id
660 3287 745 3373 quod
769 3287 876 3354 valere
895 3289 929 3352 in
948 3292 1117 3372 utramque
1136 3310 1208 3372 par-

61 3400 128 3459 tem
156 3395 243 3460 volo:
276 3394 314 3459 de
342 3394 397 3477 iis,
430 3415 511 3477 quae
539 3394 617 3457 olim
644 3393 733 3458 facta
760 3397 848 3478 sunt,
879 3395 998 3458 rectius
1026 3394 1209 3478 certiusque

62 3605 118 3643 non
140 3587 266 3657 patiatur
288 3587 362 3642 iusta
383 3587 472 3642 nostri
495 3585 614 3642 oratoris
637 3586 787 3656 modestia,
811 3589 905 3642 tamen
929 3604 1002 3641 nuno
1021 3587 1135 3656 quidem
1153 3604 1209 3642 nou

62 3675 160 3746 inepta
178 3674 359 3730 excusatione
377 3676 504 3731 videmur
521 3676 575 3731 hac
589 3675 640 3744 uti,
658 3675 741 3744 quod,
761 3693 845 3745 quam
860 3675 1030 3731 subiecimus
1045 3676 1209 3745 orationem,

62 3764 133 3819 haec
155 3762 293 3819 eiusmodi
316 3765 371 3832 est,
395 3765 426 3818 ut
449 3768 479 3819 et
500 3764 588 3834 ipsius
611 3763 770 3834 argumenti
793 3765 959 3820 excellentia
973 3766 1099 3820 ‚oratoris
1123 3782 1208 3834 quan-

61 3851 135 3907 tavis
163 3851 342 3907 mediocritas
370 3853 558 3923 compensari,
586 3855 616 3907 et
644 3853 790 3923 proposito
818 3853 931 3909 virtutis
961 3855 1087 3925 exemplo
1111 3855 1208 3910 vestris

62 3940 241 4011 potissimum
269 3939 423 3996 rationibus
450 3942 497 3996 vix
527 3958 608 4012 posse
637 3942 731 4011 aptius
757 3941 877 3998 inveniri
900 3943 1037 4001 videatur.
1075 3943 1208 4010 Quamvis

64 4029 140 4087 enim
158 4029 295 4085 subitaria
313 4045 399 4098 opera
416 4030 578 4087 incohatam
597 4033 708 4086 tantum
722 4033 808 4100 atque
826 4032 928 4088 leviter
945 4033 1141 4088 adumbratam
1159 4048 1208 4101 po·

61 4119 118 4175 tius
141 4136 226 4189 quarn
249 4119 331 4188 plene
355 4119 524 4191 descriptam
549 4119 783 4190 praestantissimi
806 4121 859 4177 viri
887 4121 1039 4194 imaginem
1067 4121 1208 4177 habeatis:
1282 4154 1286 4161 r

60 4209 125 4277 (nec
144 4207 220 4263 enim
239 4207 368 4263 secundis
388 4209 461 4263 curis
480 4208 630 4277 quicquam
649 4209 752 4263 mutari
770 4225 901 4278 parasse
920 4210 1074 4279 duximus)
1097 4213 1129 4265 at
1146 4227 1208 4264 eam

62 4297 187 4366 habetis,
211 4314 295 4366 quam
313 4300 450 4368 perpetuo
469 4297 616 4367 intuendo,
639 4315 702 4352 cum
726 4298 910 4354 admiratione
929 4299 1088 4355 venerando
1107 4301 1137 4353 et
1158 4316 1208 4368 pro

62 4385 139 4442 virili
162 4389 242 4457 parte
265 4387 433 4445 aemulando
451 4386 499 4442 vix
516 4385 668 4442 videamini
686 4387 732 4442 vel
751 4386 831 4442 vobis
850 4389 896 4443 vel
914 4389 1012 4444 virtuti
1031 4389 1077 4444 vel
1096 4389 1208 4445 veritati

61 4491 143 4547 posse
162 4476 330 4534 satisfacere.
362 4476 484 4532 Valete.'
510 4475 539 4532 C.
558 4476 616 4544 W.]
