2940 5004
163 354 165 357 ·
251 330 317 394 480
541 348 801 396 naonnoounun
826 348 872 395 nn
897 348 1104 397 aurrouravs

249 514 270 574 9
293 491 361 556 Mil.
384 484 453 576 111‚'
469 495 496 576 1,
519 495 600 559 207:
925 573 927 575 ,

341 634 407 712 Qui
428 636 492 700 nisi
516 637 674 701 addlterio
699 639 863 702 studiosus
895 690 1306 705 .......

252 778 271 840 h
295 778 363 842 Mil.
386 777 433 862 II,
457 780 486 863 3,
509 781 567 843 25:

340 916 442 985 Trium
466 920 722 1007 stultiloquium.
759 924 815 1007 qui
839 946 915 988 uero
960 975 1233 989 .....
1298 977 1305 988 .

253 1087 316 1149 quo
336 1066 483 1148 exemplo
503 1066 582 1130 satis
598 1065 780 1130 defenditur
794 1066 881 1150 quod
895 1033 1099 1131 Hermannus
1115 1067 1225 1149 posuit
1239 1065 1404 1131 Bacchi:

340 1207 399 1271 Pdl
424 1206 613 1273 lusciniolae‘
637 1230 764 1293 quoque
788 1212 896 1272 metuo
962 1260 1306 1273 ......

199 1348 200 1351 ’
253 1350 309 1412 ubi
332 1349 401 1432 ipse
424 1348 526 1415 Vetus
550 1351 673 1415 omittit
697 1351 782 1436 quod
807 1352 904 1435 vulgo
928 1351 1058 1416 additur
1079 1350 1183 1437 ogast)

251 1458 264 1520 i
286 1455 373 1522 Trin.
392 1457 471 1522 378:

340 1583 453 1683 Egone
473 1599 652 1664 indotatam
672 1606 704 1664 te
723 1622 855 1665 uxorem
875 1605 911 1664 ut
925 1599 1055 1685 patiar?
1078 1600 1144 1666 LY.
1159 1604 1399 1688 patiunddnrst‚

455 1731 465 1739 ’
1103 1713 1210 1793 pater:

251 1835 326 1876 nam
358 1813 433 1877 huic
465 1814 588 1879 formae
623 1816 700 1879 satis
734 1816 889 1899 praesidii
915 1820 1065 1899 paratum
1095 1837 1164 1879 esse
1194 1818 1241 1882 eis
1273 1816 1403 1884 videtur

252 1944 332 2004 quas
355 1921 413 2000 Ββ
436 1927 469 1985 et
491 1923 533 2002 ὸβ
555 1923 674 1987 litteris
699 1924 907 2007 signavimus.
953 1923 1156 2006 Quamquam
1180 1946 1253 1988 cum
1279 1932 1308 1990 te
1329 1949 1402 2011 pro·

250 2018 368 2091 nornen
392 2029 629 2094 Ambrosianus
653 2031 792 2115 ignoret,
816 2031 926 2114 quaeri
949 2034 1058 2114 potest
1081 2052 1158 2094 num
1181 2032 1269 2096 forte
1289 2056 1310 2097 a
1328 2057 1402 2118 poe·
1437 2035 1442 2043 ’

251 2140 303 2198 tae
327 2157 424 2199 manu
451 2136 566 2200 horum
592 2137 721 2220 aliquod
747 2137 966 2221 exemplorum
991 2158 1073 2221 quae
1096 2136 1182 2201 infra
1205 2139 1304 2221 posui
1328 2161 1400 2223 pro·

252 2241 370 2304 fectum
395 2243 450 2306 sit:

341 2368 454 2486 iigoue
478 2385 657 2449 indotatam
682 2391 817 2450 rixorem
841 2391 878 2450 ut
901 2390 933 2450 te
956 2388 1099 2470 patiar.
1160 2438 1166 2449 .
1228 2440 1234 2452 .
1298 2443 1305 2455 .

341 2490 454 2596 tigano
479 2498 515 2557 ut
531 2492 569 2557 ‘te
595 2493 775 2558 indotatam
799 2514 931 2556 uxorem
955 2493 1062 2575 patiar
1092 2545 1097 2555 .
1159 2544 1165 2555 .
1228 2545 1233 2556 .

339 2597 453 2683 Egone
476 2601 657 2665 indotatam
681 2605 718 2663 dt
741 2606 773 2664 te
797 2621 928 2665 uxorem
954 2599 1099 2683 patiar.
1160 2651 1165 2662 .
1228 2652 1234 2663 .
1298 2656 1304 2666 .

249 2740 378 2806 tTrin.
404 2745 501 2809 1138:

340 2847 437 2914 Mddo
462 2853 506 2915 mi
530 2850 717 2917 aduenienti
738 2856 879 2936 nugator
892 2901 1302 2917 .......

251 2994 277 3055 si
302 2994 404 3058 libros
429 2995 601 3079 sequimur.
643 2994 766 3060 Verum
788 2995 850 3058 hoc
873 3017 968 3058 nemo
991 3016 1056 3058 non
1080 2993 1180 3056 sentit
1204 3000 1329 3077 quanto
1354 3018 1400 3060 as·

180 3117 236 3159 cca
251 3101 360 3182 perius
384 3101 423 3163 ad
447 3124 539 3165 aures
565 3102 690 3165 accidat
714 3124 809 3186 quam
834 3101 940 3185 specie
964 3104 1091 3163 tanturn
1112 3098 1236 3164 similia
1255 3101 1399 3166 lascinia

251 3207 299 3269 lae
321 3211 354 3269 et
376 3209 557 3272 indilatam:
582 3231 664 3293 quae
688 3209 845 3292 asperitas
869 3207 964 3272 nobis
988 3212 1057 3271 tam
1081 3211 1131 3271 est
1154 3206 1295 3271 molesta
1320 3210 1399 3292 visa,

251 3317 287 3375 ut
310 3335 382 3376 eum
407 3337 534 3379 versum
558 3337 623 3378 non
647 3315 869 3379 dubitaremus
893 3314 1038 3377 immisso
1061 3312 1110 3375 aa
1133 3312 1173 3375 ad
1197 3313 1285 3377 illius
1311 3316 1399 3378 simi-

249 3419 419 3485 litudinem
443 3444 593 3488 revocare
603 3422 653 3509 **)
677 3423 731 3506 qui
755 3422 863 3485 estin
886 3419 1001 3484 Bacch.
1025 3420 1090 3483 506
1116 3420 1221 3500 [538];

290 3574 294 3582 ’
339 3561 425 3628 Num
450 3588 531 3649 quae
553 3566 730 3629 aduenienti
753 3564 921 3648 ae'gritudo
958 3612 1300 3627 ......

338 3705 462 3770 Tantae
487 3707 582 3770 molis
607 3711 676 3771 erat
700 3708 955 3790 septenariorum
979 3704 1218 3770 trochaicorum
1239 3709 1271 3768 et
1291 3711 1398 3771 artem

239 3792 401 3876 ⁸euimiam
429 3817 461 3876 et
489 3814 648 3877 modicam
673 3815 832 3899 certisque
856 3813 974 3877 finibus
998 3812 1274 3894 circumscriptam
1300 3812 1400 3876 liber-

249 3926 348 3985 tatem
375 3921 544 4004 explicare.
575 3919 626 3984 Nc
649 3927 759 3984 tamen
783 3922 817 3984 in
835 3920 971 3983 nimiam
991 3918 1107 3982 molem
1127 3917 1289 4002 praefatio
1315 3943 1400 3984 cres·

249 4032 314 4111 cat,
337 4029 462 4113 reliqua
485 4032 589 4091 metra
612 4028 707 4091 mitto
732 4029 764 4090 in
788 4048 950 4111 praesenS,
974 4026 1006 4089 in
1031 4048 1068 4089 eo
1093 4026 1162 4090 solo
1187 4027 1400 4109 acquiescens

249 4141 285 4199 ut
308 4135 521 4199 iambicorum
545 4135 845 4218 trochaicorumquc
868 4135 901 4198 in
926 4133 1125 4198 observando
1149 4137 1287 4195 accentu
1312 4156 1402 4198 seve

250 4263 461 4270 ——--...——.

339 4316 363 4378 *J
384 4312 435 4379 [Cf.
457 4312 556 4381 Opusc.
577 4311 645 4381 phil.
664 4311 689 4364 II
708 4330 735 4380 p.
756 4313 829 4378 301]

320 4402 361 4470 **)
382 4402 426 4471 [In
445 4401 487 4456 ed.
502 4401 550 4455 alt.
573 4402 734 4455 aduenienti
751 4401 866 4469 reliquit
884 4400 988 4453 addens
1010 4398 1072 4452 ‘etsi
1091 4397 1157 4451 ferri
1175 4400 1282 4467 potest,
1301 4403 1401 4456 tamen

248 4488 325 4542 haud
343 4488 401 4543 acio
420 4506 455 4543 au
474 4493 550 4542 recte
570 4489 706 4557 gratiores
726 4505 855 4541 numeros
870 4489 1030 4540 ariamienti
1043 4488 1087 4540 tic
1100 4488 1400 4562 commendaverim’]
