2918 5004
452 387 685 435 nnrmmsofla
709 387 838 434 annau.
1151 373 1213 436 661

67 529 270 593 saeculorum
298 534 451 595 testatur:
485 534 541 595 aut
568 531 639 595 falli
668 532 849 596 communis
881 554 943 595 vox
971 531 1129 597 credenda
1157 555 1216 597 nec

69 637 102 700 in
126 636 221 701 bonis
245 638 352 721 potius
377 661 474 722 quam
498 638 532 703 in
555 639 651 703 malis
675 638 862 703 humanitas
882 639 1049 723 censenda,
1073 643 1130 703 aut
1148 661 1215 703 om-

68 744 158 808 nium
187 747 370 830 temporum
400 746 558 831 magistra
585 745 799 811 humanitatis
829 750 933 811 mater
957 746 1135 830 antiquitas
1157 747 1215 811 illa

68 851 219 917 habenda
241 855 298 916 est.
340 851 472 937 Ergone
495 853 689 918 temeritatis
714 857 811 938 atque
835 854 915 918 adeo
939 853 1132 918 stoliditatis
1155 852 1214 918 cri·

67 980 140 1022 men
164 958 305 1043 effirgere
328 963 490 1045 poterunt,
514 960 570 1045 qui
593 982 690 1025 caeca
713 961 768 1024 sed
792 962 904 1026 eadem
927 961 1100 1045 impotenti
1122 960 1215 1025 rabie

68 1065 207 1149 undique
230 1067 440 1133 convolantes
458 1067 494 1132 in
511 1068 584 1151 ipsa
603 1067 809 1151 antiquitatis
830 1068 938 1132 studia
956 1090 1041 1133 nunc
1059 1065 1213 1133 invehun·
1229 1100 1264 1140 ιχ

66 1176 120 1237 tur
148 1172 386 1259 perniciemque
415 1174 480 1240 illis
508 1178 541 1238 et
570 1173 703 1238 exitium
733 1172 921 1238 minantur?
966 1173 1111 1250 (luorum
1141 1197 1213 1240 cum

68 1279 184 1363 triplex
207 1281 413 1364 potissimum
437 1301 538 1366 genus
557 1280 614 1344 sit:
638 1279 712 1345 illos
733 1280 862 1364 quidem
888 1274 1021 1364 prorsus
1046 1280 1098 1345 hic
1121 1303 1213 1365 prae·

66 1386 279 1453 termittimus
299 1389 364 1472 qui,
383 1389 458 1452 dum
477 1387 689 1472 opificiorum,
708 1388 975 1453 commerciorum
993 1387 1213 1472 negotiorum-

68 1516 129 1578 que
158 1495 302 1560 utilitate
325 1499 359 1561 et
381 1495 561 1561 civitatium
591 1494 730 1560 salutem
754 1499 787 1559 et
810 1495 929 1560 artium
953 1494 1213 1579 disciplinarum-

66 1623 127 1685 que
154 1602 295 1668 fructum
318 1625 447 1669 omnem
476 1603 667 1685 metiuntur,
696 1602 731 1666 in
759 1606 895 1687 quaestu
922 1602 1076 1686 lucroque
1100 1606 1132 1666 et
1154 1601 1212 1667 hu-

66 1709 171 1773 manis
201 1709 348 1775 sordibus
377 1711 486 1795 ipsum
514 1709 611 1773 finem
634 1709 794 1774 bonorum
819 1712 988 1794 quaerunt,
1033 1706 1212 1774 Honestius

66 1806 221 1899 sentiunt,
244 1815 300 1880 sed
322 1820 433 1880 tamen
456 1815 699 1899 intellegentius
723 1815 776 1879 vix
800 1814 953 1898 iudicant,
978 1815 1033 1898 qui
1051 1814 1134 1879 nihil
1154 1815 1212 1879 im·

64 1926 248 2007 pugnantes
273 1921 324 1987 vel
347 1921 456 2004 potius
480 1919 562 1984 nihil
587 1924 737 1984 curantes
761 1918 958 1985 Graecorum
977 1921 1212 1986 Romanorum-

66 2051 127 2113 que
160 2027 394 2112 praestantiam
430 2026 512 2091 nihil
550 2028 681 2091 omnino
718 2025 926 2109 imitandum,
963 2027 1044 2091 nihil
1081 2017 1211 2093 aliunde

65 2135 285 2201 asciscendum
314 2132 476 2211 dictitant,
504 2132 565 2198 hoc
596 2133 725 2217 quidem
753 2132 904 2215 consilio,
931 2137 968 2198 ut
994 2133 1126 2198 tandem
1154 2135 1212 2200 ali-

65 2242 193 2328 quando
224 2242 350 2307 abiecta
382 2240 520 2305 aliorum
551 2239 763 2304 admiratione
792 2244 921 2305 nosmet
951 2240 1015 2324 ipsi
1048 2241 1211 2325 suspicere

65 2350 241 2432 discamuS,
273 2369 332 2412 nec
359 2346 422 2411 nisi
451 2346 519 2410 suis
548 2367 565 2410 e
592 2346 755 2411 radicibus
783 2346 989 2429 proficiscens
1017 2369 1056 2413 ea
1083 2349 1211 2415 roboris

65 2456 265 2520 incrementa
293 2453 470 2518 oommrmis
497 2453 606 2537 patria
633 2453 753 2537 capiat,
782 2452 899 2538 quibus
927 2456 960 2516 et
982 2453 1054 2538 ipsa
1077 2475 1211 2522 concors

68 2564 198 2648 suisque
230 2583 299 2628 sese
328 2560 455 2645 legibus
485 2561 668 2645 gubernans
699 2564 732 2625 et
761 2559 907 2625 timenda
938 2561 1055 2626 exteris
1085 2562 1212 2647 evadat,

64 2675 162 2754 atque
195 2674 232 2735 ut
263 2691 328 2733 uno
360 2668 457 2732 verbo
491 2666 618 2748 dicam,
648 2689 742 2732 verae
780 2666 971 2751 debitaeque
1003 2669 1211 2754 eiusdemque

62 2778 223 2863 pristinae
244 2774 407 2840 libertatis
431 2773 643 2857 beatitudine,
666 2773 756 2838 cuius
779 2793 863 2836 unus
887 2773 961 2838 fons
979 2774 1113 2857 iustitia,
1137 2796 1210 2840 cum

62 2883 229 2967 republica
252 2881 402 2945 universa
425 2878 546 2964 singuli
570 2879 656 2944 cives
678 2877 837 2943 fruantur,
874 2877 946 2944 Hoc
969 2884 1077 2944 autem
1103 2881 1209 2966 ipsum

62 3013 156 3073 num,
189 2989 246 3074 qui
279 2986 484 3070 antiquitatis
514 2986 604 3050 illins
636 2985 859 3051 excellentiam
888 2990 921 3050 et
949 2986 1147 3052 admiramur
1178 2994 1210 3054 et

63 3098 208 3164 studiose
231 3094 465 3180 amplectimur,
487 3098 555 3158 tam
578 3093 692 3177 ignavi
715 3115 827 3157 sumus
855 3097 892 3158 ut
915 3116 980 3159 non
1003 3094 1210 3160 vehementer

63 3209 252 3289 exoptemus
281 3205 392 3286 atque,
420 3199 515 3265 modo
542 3223 582 3265 ne
607 3199 691 3264 desit
714 3201 957 3284 opportunitas,
985 3202 1073 3266 omni
1096 3225 1209 3268 nervo·

63 3334 135 3376 rum
162 3309 343 3375 intentione
371 3307 448 3372 illuc
476 3308 538 3391 ipsi
567 3306 821 3372 contendamus?
868 3306 921 3372 An
951 3308 980 3372 ei
1008 3309 1209 3376 contentioni

63 3418 133 3483 ullo
158 3421 254 3503 pacto
278 3420 446 3502 repugnat,
470 3414 556 3499 quod
575 3414 737 3479 libertatis
757 3415 1000 3501 consectandae,
1024 3438 1209 3502 expugnan-

63 3525 132 3609 dae,
156 3523 379 3609 vindicandae,
408 3523 493 3609 quod
517 3522 683 3605 colendae,
707 3521 876 3606 tutandae,
901 3523 1129 3589 sustentandae
1152 3548 1208 3610 pa·

62 3632 145 3697 triae
183 3634 348 3696 aeternum
386 3630 569 3714 exemplum
603 3627 718 3694 Graeci
751 3628 953 3714 Romanique
989 3634 1208 3715 proposuere?

64 3737 117 3802 An
140 3739 287 3823 denique,
311 3737 338 3801 si
361 3757 428 3800 non
451 3735 691 3820 improbabilis,
715 3739 749 3801 at
772 3757 1012 3821 supervacanea
1034 3740 1144 3802 tamen
1168 3739 1208 3803 ad

63 3845 105 3927 id,
129 3843 213 3928 quod
235 3842 331 3909 hodie
355 3842 569 3908 cummaxime
589 3842 633 3906 sit
650 3842 869 3927 annitendum,
892 3843 1101 3928 antiquitatis
1125 3848 1208 3910 trac-

62 3949 145 4015 tatio
181 3949 286 4014 omnis
321 3948 503 4014 videbitur?
548 3948 644 4014 Esto:
677 3949 856 4034 largiamur
887 3950 971 4033 quod
1004 3949 1207 4016 concedimus

61 4057 205 4141 minime,
227 4079 293 4123 non
316 4057 435 4122 habere
455 4061 579 4122 veteres
597 4056 682 4140 illos,
705 4077 768 4141 quo
792 4055 907 4120 ceteris
926 4056 1055 4140 populis
1076 4057 1207 4142 quibus·

62 4164 143 4230 libet
178 4168 360 4249 praestent,
397 4164 586 4251 quicquam,
622 4185 682 4229 nec
718 4164 792 4247 plus
825 4184 922 4247 quam
955 4162 1014 4227 hos
1046 4163 1136 4247 ipsos
1173 4166 1207 4230 in

61 4275 190 4336 nostras
214 4272 356 4337 rationes
380 4271 496 4337 valere.
541 4271 631 4356 Ergo
654 4270 845 4335 tantundem
868 4273 954 4335 certe
977 4270 1100 4335 valent:
1123 4272 1206 4337 unde

62 4380 243 4444 necessario
267 4381 475 4465 consequitur
496 4378 569 4444 istis
598 4379 727 4464 quidem
751 4377 887 4443 noviciis
910 4377 1073 4443 libertatis
1096 4383 1206 4462 patro-

61 4485 114 4550 nis
141 4507 206 4550 una
233 4508 305 4552 cum
332 4487 539 4572 antiquitatis
569 4484 683 4551 studiis
706 4484 772 4549 illis
795 4484 979 4550 universam
1003 4506 1072 4550 esse
1096 4508 1205 4552 rerum
