2940 5004
411 362 906 412 auuuoumomsemvmuaa.
1166 347 1230 410 519

149 504 237 570 Haec
262 509 323 591 e'go
347 528 445 590 quom
470 506 561 591 agito
585 510 657 571 cuim
682 527 754 570 meo
780 506 888 571 animo
913 510 946 570 et
969 506 1079 572 recolo
1099 506 1155 571 ubi
1174 506 1230 591 qui

812 614 895 699 eget,
918 635 1016 698 quam

149 718 242 785 Preti
262 721 306 791 eit
329 721 433 805 parui,
456 723 475 784 a
498 742 549 785 ma
574 741 686 806 apage,
711 721 816 787 amor:
840 742 905 786 non
927 720 1049 804 places,
1071 720 1117 784 nil

149 827 196 891 Te
219 848 280 912 ego
302 829 378 891 otor

148 933 262 1018 Apage
286 933 341 1017 sis,
364 935 467 997 amor:
491 955 542 997 res
565 937 640 998 tuas
663 929 726 998 tibi
749 931 848 997 habe:
873 933 964 1017 mihi,
987 935 1088 1013 amor,
1111 956 1152 999 no

147 1040 233 1106 Fuds
256 1063 411 1125 umquam
435 1038 566 1105 amicus.

147 1147 254 1231 Pater,
277 1149 396 1231 desum,
419 1148 543 1232 impera
567 1148 654 1232 quod
677 1148 737 1231 uis,
760 1150 865 1233 nc'que
888 1170 943 1213 ero
966 1148 1001 1213 in
1025 1149 1127 1233 mora,
1149 1170 1209 1213 nec

147 1253 324 1320 Latebrdee
348 1277 399 1320 me
424 1276 485 1340 ego
510 1256 569 1320 aba
592 1259 649 1320 tuo
673 1256 848 1339 conspectu
872 1255 1053 1320 occulttbo.

146 1362 274 1427 Feceris
298 1364 359 1446 par
382 1362 446 1427 tuis
470 1362 586 1427 oe‘teris
610 1362 717 1445 factio,
741 1363 769 1426 si

145 1470 250 1535 Tuum
275 1474 400 1555 patrem
423 1470 567 1554 percoloe
649 1504 1136 1517 ——————

145 1577 324 1642 Hominum
353 1575 476 1642 durani.
515 1577 591 1660 quin
622 1576 711 1661 prius
743 1599 794 1641 me
828 1576 868 1641 ad
900 1577 1003 1661 pldris
1036 1574 1225 1659 penetrans?

145 1791 253 1857 Mores
278 1791 439 1857 maiorum
461 1791 647 1856 collaudant

122 1898 243 1965 ιΗιέοθ
267 1921 328 1985 ego
351 1903 383 1963 te
407 1899 531 1964 artibus
555 1899 697 1982 gratiam
720 1899 815 1982 facio,
837 1921 891 1963 eas

143 2006 195 2072 Ne'
218 2006 307 2071 colas

143 2112 216 2178 Med
241 2113 335 2178 modo
360 2115 393 2177 et
416 2111 570 2177 moribus·
588 2110 699 2177 uiuito.
723 2135 805 2197 quaa
829 2116 889 2198 e‘go
912 2114 974 2179 tibi

142 2219 321 2306 Praecipio,
344 2220 382 2284 ed
405 2218 512 2284 facito.
537 2217 621 2283 nihil
645 2240 707 2304 ego
730 2219 812 2285 istos
837 2242 947 2285 moror

145 2326 280 2392 Facetos
304 2327 409 2391 mores
432 2326 588 2408 turbidos,
612 2325 729 2410 quibus
753 2324 833 2391 boni
853 2348 888 2391 se

143 2433 346 2499 Dedecorant
382 2469 1130 2482 —————————

75 2574 278 2660 Quamquam
298 2599 397 2641 unum
421 2576 574 2661 quiddam
592 2576 778 2641 huiusmodi
797 2578 866 2661 ipse
890 2577 1006 2661 reliqui
1027 2601 1056 2641 v.
1075 2578 1141 2643 254
1151 2602 1219 2664 sqq.

376 2718 542 2803 Raptdres,
562 2718 655 2803 panis
679 2719 713 2783 e't
734 2719 820 2802 peni.

375 2824 429 2889 Fit
451 2823 530 2909 ipse,
553 2824 629 2889 dum
653 2825 719 2889 illis
744 2825 843 2890 cdmis
867 2829 925 2909 est,

374 2931 472 3016 lndps
497 2936 631 2997 amator.
663 2931 752 2997 Hac'c
775 2952 837 3016 ego

140 3039 243 3115 Quom
268 3042 330 3124 ago‘
355 3061 428 3104 oum
448 3059 520 3103 meo
539 3038 647 3104 animo
668 3042 700 3102 et
720 3061 817 3123 quom
836 3039 955 3124 recolo,
979 3041 1034 3105 ubi
1054 3041 1110 3124 qui
1129 3044 1215 3127 ege't:

72 3203 138 3246 non
165 3185 275 3247 tamen
304 3181 390 3267 quod
419 3182 605 3266 probarem,
633 3181 690 3247 sed
718 3181 804 3265 quod
831 3181 928 3246 nimia
956 3182 1077 3247 incerta
1105 3206 1216 3249 eorum

73 3289 254 3355 emendatio
282 3289 446 3354 videretur
474 3311 556 3373 quae
587 3291 638 3352 sat
666 3288 794 3353 diverso
819 3287 914 3352 modo
939 3288 972 3352 in
997 3289 1215 3357 Ambrosiano

71 3397 195 3479 scripta
224 3418 294 3460 esse
327 3397 540 3480 apparuisset
590 3395 673 3460 Tam
706 3395 791 3459 enim
823 3395 893 3460 illic
925 3396 1008 3461 forle
1041 3397 1215 3463 divortium

71 3503 289 3587 cogitatorum
312 3504 359 3586 fit,
382 3506 418 3567 ut
442 3505 483 3569 ab
507 3503 596 3569 Haec
617 3524 668 3586 eqo
691 3525 756 3569 non
781 3503 887 3593 minus
912 3526 1008 3588 quam
1033 3527 1061 3568 v.
1084 3504 1149 3569 236
1172 3483 1214 3569 ab

73 3607 221 3672 Omnium
240 3611 378 3690 primum
401 3631 532 3676 necesse
555 3611 599 3676 sit
621 3631 694 3674 cum
713 3633 797 3676 novo
817 3611 985 3676 enuntiato
1004 3633 1123 3676 novum
1143 3634 1214 3676 ver-

72 3735 141 3777 sum
176 3714 285 3778 ordiri.
334 3715 449 3800 Itaque
482 3739 554 3781 oum
587 3719 733 3801 accedat,
766 3718 850 3803 quod
884 3718 952 3782 sine
986 3718 1132 3803 exemplo
1165 3723 1214 3783 est

70 3841 157 3903 oyere
184 3821 290 3885 aniano
318 3822 368 3885 vel
396 3844 466 3886 oum
493 3825 607 3902 alcime,
636 3825 792 3890 usitatum
816 3824 877 3889 hac
900 3829 1062 3910 potestate
1085 3826 1213 3909 collare,

70 3929 149 3993 satis
172 3928 300 4013 placere
324 3929 413 3992 velut
435 3929 515 3993 haec
537 3930 668 3995 illorum
693 3931 859 4015 discriptio
883 3932 1001 4017 possit:

371 4053 533 4137 Raptores
556 4053 651 4137 panis
675 4054 708 4118 et
729 4055 813 4138 peni.

369 4159 425 4226 Fit
446 4158 524 4244 ipse,
548 4159 623 4224 dum
647 4161 712 4224 illis
736 4161 837 4226 comis
860 4165 919 4245 est,

440 4267 539 4351 Inops
563 4289 636 4332 mox
660 4269 795 4332 amator.

134 4375 223 4442 Haec
250 4379 311 4462 ago
340 4399 438 4460 quom
467 4376 556 4461 agito
586 4378 658 4439 edm
687 4396 759 4439 meo
786 4373 909 4457 animo,
937 4380 970 4441 et
997 4380 1125 4463 reputo,
1154 4378 1210 4442 ubi

814 4481 869 4566 qui
894 4484 979 4570 oge't:
