3006 5016
310 363 382 410 UND
408 364 469 409 ola
494 363 681 411 LEIPZIGER
705 366 1020 413 l'LAUTUSS'l'UDIEN.
1197 348 1239 411 75

307 503 431 558 Blandus
451 521 514 558 cum
533 507 614 575 grata
633 505 782 561 sedulitate
801 506 890 575 lepos,

253 592 384 647 Necnon
403 592 469 646 diva
487 594 593 663 Venus,
612 611 663 665 per
681 612 767 663 quam
787 594 918 650 Cicerone
938 597 1056 650 canente

306 681 408 737 Omnia
426 681 557 738 continuo
577 685 708 753 prompta
725 683 821 739 venire
840 685 940 740 solent.

253 769 315 825 Non
332 771 420 841 igitur
438 772 563 840 dubites,
581 773 745 828 adulescens
765 774 863 843 chare,
882 774 1036 830 Camaenas

305 860 450 916 Plautinas
470 862 563 917 studio
582 862 757 918 consociasss
774 864 832 929 tuo,

252 949 412 1021 Inprimis*)
431 968 515 1020 quam
533 952 632 1007 doctus
651 953 740 1021 amat,
760 953 804 1006 cui
825 951 983 1007 Cistellaria
1001 970 1112 1020 nomen,

304 1040 380 1095 Haec
400 1042 515 1095 estnon
534 1039 590 1095 imo
610 1041 806 1096 constituenda
823 1042 899 1110 loco;

252 1130 325 1183 Nam
344 1131 481 1185 memorat
500 1130 607 1184 madidi
626 1131 732 1186 rabiem
750 1133 901 1201 pestesque
919 1130 1005 1201 Lyaei

306 1222 398 1288 Atque
417 1219 585 1290 Cupidineas
604 1222 662 1276 tela
680 1218 828 1277 tremenda
845 1222 929 1277 iaces.

415 1533 439 1581 9.
477 1525 544 1579 Ani
568 1523 720 1580 Plautus'
740 1525 914 1595 Epidicus.

86 1633 163 1699 (Ans
180 1631 285 1687 ‘Plauti
303 1633 389 1688 Poeta
407 1632 574 1703 lepidissimi
592 1633 813 1703 nobilissimique
827 1633 971 1703 Epidicus’
987 1631 1111 1702 Leipzig,
1133 1633 1235 1687 Malch.

402 1722 500 1777 Lotter
520 1729 597 1792 1513,
617 1722 668 1777 auf
684 1723 748 1778 dem
767 1722 927 1791 Titelblatt)

231 1845 288 1900 Viti
307 1847 435 1902 Vnerleri
453 1847 511 1902 Ode
530 1847 559 1902 in
578 1866 634 1918 qua
651 1848 764 1904 libellus
782 1847 916 1902 lectorem
936 1846 1098 1916 alloquitur.

306 1972 346 2025 Vt
362 1971 416 2027 hoc
435 1972 581 2043 purpureis
600 1972 727 2044 margine
746 1971 873 2028 formulis

305 2061 435 2115 Ostendit
452 2062 564 2132 titulus,
583 2079 685 2118 nomen
703 2061 821 2132 Epidico

306 2150 338 2204 ln
356 2149 454 2219 primis
473 2151 543 2206 mihi
562 2152 712 2207 Comoedia
730 2151 855 2207 reddidit

307 2241 331 2292 A
349 2240 422 2295 servi
441 2241 534 2297 studio
553 2242 583 2296 et
602 2241 820 2298 condicionibus.

306 2327 386 2393 Quod
405 2329 429 2383 si
446 2329 594 2386 barbarico
614 2331 697 2401 culpa
715 2329 823 2385 librarii

305 2417 413 2472 Ornata
432 2418 491 2487 (hei
509 2420 609 2490 pudet,
627 2420 685 2490 hei)
705 2437 749 2475 me
767 2419 844 2490 prius
863 2420 973 2489 extulit,

304 2505 346 2560 En
364 2525 451 2577 nunc,
470 2526 554 2577 quam
573 2509 677 2564 nitidos
697 2526 836 2578 quamque
855 2510 1017 2564 venustulos

304 2594 406 2650 'Vultus
426 2596 548 2651 restituit
567 2596 635 2652 lima
653 2597 785 2652 severior!

304 2683 356 2738 Vel
375 2687 419 2754 tu,
439 2686 564 2755 quisquis
583 2703 625 2754 es,
644 2686 750 2755 infans,
769 2687 890 2757 iuvenis,
909 2704 1001 2756 senex,

306 2772 442 2844 Linguam
462 2775 511 2843 qui
529 2774 670 2830 Lacialem
691 2774 870 2844 celisanum,
962 2816 965 2821 ,

305 2864 366 2929 Qua
384 2864 424 2918 nil
444 2864 588 2934 pulchrius
607 2867 663 2935 est,
681 2864 778 2920 utilius
796 2866 888 2933 simul,

305 2953 365 3018 Qua
382 2954 422 3007 nil
442 2954 550 3009 dulcius
570 2957 614 3009 est
631 2956 726 3025 nilque
745 2956 876 3026 periciam

304 3043 335 3095 In
354 3060 475 3097 summa:
495 3043 565 3098 nihil
585 3045 639 3099 hac
658 3045 776 3100 mundus
795 3045 882 3100 habet
899 3063 978 3100 sacer

303 3133 496 3188 Excellencius
515 3137 566 3189 aut
583 3133 705 3190 nobilius
724 3134 814 3204 magis

304 3222 355 3277 Vel
375 3222 450 3292 quod
468 3223 578 3293 dignius
597 3225 641 3278 est
659 3223 804 3293 discipulis
822 3223 931 3293 probis;

303 3311 377 3383 Ergo
396 3312 522 3381 quisquis
541 3329 584 3381 es,
602 3312 706 3381 inians,
724 3313 846 3381 iuvenis,
865 3330 957 3383 senex,

303 3401 361 3471 Me,
380 3418 497 3470 quaeso,
516 3401 596 3473 vigili
614 3405 708 3458 mente
726 3402 901 3473 recognitum

304 3490 340 3545 at
357 3492 448 3546 totum
467 3491 569 3562 cupido
588 3494 702 3562 pectore
721 3493 865 3549 conditum

279 3615 282 3620 -
303 3579 448 3634 Noctnma
466 3596 602 3635 memores
621 3596 689 3635 voce
708 3580 889 3650 frequentius.

304 3666 425 3732 Quidni?
442 3668 528 3723 immo
546 3668 659 3738 penitus
678 3670 805 3726 sensibus
823 3670 931 3726 intimis

304 3757 349 3811 Me
368 3757 483 3824 condas,
502 3760 552 3813 tua
571 3777 626 3827 quo
645 3759 737 3829 gloria
755 3759 875 3815 nominis

304 3844 434 3915 Attingat
452 3846 536 3901 celeri
555 3847 647 3902 sidera
665 3848 763 3903 limite.

304 3933 420 4003 Nanque
440 3936 483 3990 est
501 3936 581 4005 turpe
600 3936 707 3992 homini
726 3939 855 4007 tempora
874 3938 901 3992 in
921 3939 1015 3994 omnia

304 4024 428 4080 Torsisse
448 4024 590 4095 ingenium
609 4041 665 4080 non
683 4025 736 4080 nisi
756 4025 884 4080 inaniter.

159 4206 187 4274 ')
207 4205 253 4275 [ln
271 4205 333 4259 dem
352 4204 523 4260 Manchaner
540 4204 691 4274 Exemplar
709 4204 798 4258 dieses
817 4204 942 4260 Druckes
960 4208 1023 4275 hat,
1042 4226 1089 4262 um
1108 4210 1163 4264 den
1181 4229 1230 4264 un-

82 4293 275 4368 gldeklichen
298 4294 479 4364 Heptameter
502 4313 535 4348 au
557 4293 664 4362 beilou,
687 4292 803 4362 jemand
822 4294 956 4363 Inprimis
985 4297 1232 4369 durchgestrichen

79 4384 141 4439 und
162 4382 214 4438 Ess
232 4399 269 4435 an
288 4381 342 4437 den
359 4382 440 4438 Rand
457 4383 649 4454 geschrieben.
687 4383 715 4436 C.
735 4382 792 4454 W.]
