2992 5004
449 353 713 401 ansunnrroms
737 352 943 410 stammas.
1208 334 1274 398 303

130 495 174 559 sit
192 494 369 580 probabile,
393 499 467 561 octo
487 500 614 562 tantum
633 496 817 563 fabularum
836 496 956 561 finibus
975 494 1275 560 circumscribenda

127 601 190 667 Est
221 606 331 667 autem
364 603 419 687 qui
451 604 532 668 illud
564 608 705 670 testatur
737 602 1026 670 Ottobonianus
1060 602 1148 667 2005
1181 600 1275 687 (olim

128 708 168 773 V.
197 709 228 773 4.
257 710 308 775 21.
344 713 377 775 et
402 709 440 776 B.
468 709 530 795 111,
565 710 625 796 15)
658 711 885 776 membraneus
922 731 1008 774 anno
1046 725 1276 774 cloccccbvlll
1290 733 1346 774 xm

128 815 295 880 Ferrarius
319 817 468 901 scriptus,
491 817 627 904 singulis
651 816 827 883 comoediis
846 815 1086 902 elegantissime
1104 815 1193 900 picta
1211 837 1276 879 ern·

129 922 285 1007 blemata,
313 921 449 988 Casinas
478 927 586 988 autem
614 927 737 1008 septem
766 923 912 990 versibus
940 923 1093 988 extremis
1121 922 1206 986 hanc
1228 922 1276 986 in-

129 1030 337 1115 scriptionem
355 1032 567 1114 praemissam
587 1031 725 1096 habens:
745 1028 1037 1109 OALLEOPEVS,
1056 1029 1174 1094 iterum
1192 1028 1277 1093 hanc

129 1159 184 1202 sex
222 1139 375 1203 extremis
412 1135 631 1204 Cistellariae:
667 1137 854 1204 Recitator
887 1137 1088 1221 Galliopus:
1126 1136 1276 1200 similiter

128 1249 225 1329 atque
257 1245 291 1310 in
324 1246 472 1330 plurimis
495 1246 587 1312 libris
611 1245 815 1311 Terentianis
848 1249 881 1311 et
911 1246 1035 1311 factum
1068 1247 1101 1309 et
1133 1247 1276 1307 erratum

128 1373 199 1416 esse
231 1357 369 1418 constat.
415 1353 509 1420 Hanc
541 1354 643 1441 igitur
675 1352 830 1438 calliopii
862 1353 1097 1436 recensionem,
1130 1352 1158 1416 si
1189 1356 1276 1415 recte

129 1459 267 1544 conieci,
294 1460 375 1527 satis
404 1483 462 1546 per
489 1466 612 1527 ceteras
642 1467 752 1546 partes
780 1484 800 1526 a
827 1461 923 1527 nobis
952 1460 1134 1544 descriptus
1156 1481 1177 1535 γ
1200 1481 1276 1543 prae

131 1588 165 1631 se
188 1566 325 1633 ferebat.

218 1673 380 1739 Mutatum
417 1674 601 1741 fabularum
633 1676 780 1742 ordinem
813 1678 924 1740 secuta
956 1679 1007 1740 est
1038 1675 1212 1740 earundem
1243 1675 1277 1738 in

129 1781 208 1845 duas
241 1785 352 1865 partes
380 1781 566 1867 diremptio,
599 1806 737 1867 quarum
765 1783 870 1849 altera
897 1784 938 1849 ab
967 1783 1206 1867 Amphitruone
1235 1781 1276 1848 ad

128 1888 316 1973 Epidicum,
344 1911 364 1953 a
391 1889 608 1955 Bacchidibus
637 1889 677 1954 ad
701 1891 932 1956 Truculentum
963 1890 1068 1955 altera
1090 1891 1276 1974 pertineret.

128 1994 179 2060 Ex
203 1996 334 2061 illarum
356 1995 467 2061 codice
490 2001 509 2061 δ
533 1998 699 2081 repetendi
716 1998 751 2063 B
770 2002 804 2062 et
820 1997 864 2081 D,
886 2019 1025 2082 quorum
1048 1997 1143 2062 binas
1166 2000 1275 2080 partes

129 2123 168 2167 ex
200 2104 247 2168 eis
277 2125 360 2187 quae
394 2126 492 2188 supra
522 2105 691 2169 attulimus
723 2106 927 2189 intellegitur
959 2126 1106 2170 seorsum
1139 2103 1277 2186 scriptas

130 2231 213 2275 esse:
236 2210 430 2295 repetendus
443 2208 518 2297 Ἠ),
542 2212 597 2296 qui
617 2216 667 2277 est
684 2213 910 2278 membraneus
928 2211 1033 2277 Musei
1053 2211 1276 2276 Britannici

130 2313 212 2457 -ῙΞἸΟ,
245 2355 365 2419 rectius
389 2357 497 2418 autem
529 2358 564 2420 ut
588 2356 704 2439 opinor
731 2356 900 2421 undecimo
930 2378 1027 2440 quam
1056 2355 1180 2419 decimo
1209 2375 1277 2418 sae·

129 2497 201 2563 culo
224 2496 453 2584 tribuitur**):
477 2498 671 2583 repetendus
691 2500 827 2586 denique
849 2500 877 2564 is
901 2496 956 2586 (Z),
980 2499 1035 2585 qui
1057 2498 1133 2564 fons
1152 2496 1278 2563 exstitit

131 2604 330 2688 reliquorum
368 2610 441 2671 octo
479 2606 609 2672 fabulas
647 2607 773 2690 priores
811 2607 1110 2691 complectentium,
1147 2605 1276 2669 saeculo

130 2715 239 2776 autem
272 2711 321 2776 vel
354 2712 433 2778 XlV
457 2713 508 2778 vel
531 2711 591 2777 XV
627 2713 823 2799 scriptorum
851 2713 918 2779 fere
951 2713 1111 2778 omnium:
1140 2735 1276 2797 quorum

130 2817 192 2882 etsi
217 2818 409 2903 pergrandis
433 2841 586 2884 numerus
610 2823 673 2898 est,
700 2822 812 2885 tamen
836 2819 945 2883 nullus
969 2820 1020 2883 vel
1043 2841 1082 2884 ex
1104 2820 1139 2884 B
1163 2819 1215 2884 vel
1238 2841 1277 2882 ex

130 2923 165 2988 D
183 2924 235 2990 vel
258 2948 297 2990 ex
315 2924 345 2990 J
363 2927 516 2991 manavit.
553 2926 677 2991 Verum
700 2925 771 3011 hoo,
795 2926 850 2992 ubi
873 2925 914 2990 ad
938 2929 1011 2991 octo
1035 2926 1160 3011 priores
1184 2926 1277 2990 eden·

130 3029 187 3094 das
215 3054 348 3118 venero,
375 3037 408 3097 et
435 3033 666 3099 demonstrabo
694 3036 727 3098 et
755 3032 949 3117 singillatim
978 3054 1166 3117 persequar:
1193 3055 1278 3097 nuno

131 3137 192 3202 hoc
215 3161 314 3204 unum
338 3162 471 3225 occupo,
494 3162 653 3205 summam
678 3160 748 3204 esse
772 3142 927 3223 quattuor
945 3139 1073 3204 illorum
1093 3139 1278 3204 similitudi·

129 3266 203 3309 nem
232 3247 398 3331 multoque
427 3247 585 3339 maiorem
614 3269 711 3332 quam
736 3268 818 3331 quae
841 3247 875 3311 in
897 3247 1133 3331 posterioribus
1156 3248 1277 3313 fabulis
1288 3268 1358 3310 xnn

130 3351 215 3416 inter
237 3353 271 3418 B
294 3357 328 3418 et
353 3354 383 3418 Τ
403 3359 436 3418 et
458 3376 477 3434 η
501 3354 693 3419 intercessit.
730 3354 775 3418 Et
799 3354 830 3418 Τ
849 3353 978 3438 quidem
1003 3354 1091 3419 volui
1116 3354 1277 3421 'svaran

131 3457 205 3524 illas
235 3460 441 3526 membranas
470 3483 553 3544 esse,
583 3483 720 3547 quarum
748 3461 902 3526 virtutem
932 3462 1111 3526 monstravi
1139 3462 1177 3527 de
1201 3463 1277 3528 crisi

110 3564 177 3631 .Pl.
201 3589 231 3650 p.
257 3567 330 3633 155.
354 3567 416 3632 531
430 3591 499 3653 sqq.
524 3568 655 3654 [Opusc.
675 3569 754 3654 phil.
772 3568 805 3632 ll
824 3591 854 3653 p.
873 3570 903 3633 4.
926 3570 986 3634 121
999 3571 1097 3654 sqq.]:
1122 3592 1203 3654 quas
1222 3572 1277 3655 qui

131 3672 164 3737 in
189 3671 478 3760 Francogallorum
507 3677 605 3741 terris
628 3675 768 3742 fortasse
793 3676 984 3760 superstites
1008 3676 1186 3763 indagarit,
1214 3677 1277 3742 dici

131 3781 244 3864 nequit
264 3804 360 3866 quam
380 3782 424 3847 sit
442 3781 481 3847 de
500 3782 618 3848 Plauto
637 3782 719 3847 bene
738 3783 921 3848 meriturus.
959 3781 1048 3858 Quae
1070 3785 1278 3849 membranae

131 3935 343 3951 —⁶———-—-

219 4028 248 4098 *)
268 4029 323 4100 [Of.
343 4029 444 4100 Opusc.
463 4030 533 4101 phil.
552 4029 592 4084 Ill
611 4048 638 4100 p.
659 4030 732 4102 119.]

202 4119 247 4188 ”J
266 4119 317 4175 His
335 4137 371 4176 ne
386 4121 448 4190 quis
463 4122 593 4190 quartum
608 4120 702 4188 addst,
722 4136 805 4191 quem
818 4119 848 4174 in
862 4119 1006 4175 Marciana
1018 4120 1201 4190 bybliotheca
1213 4121 1277 4178 mo-

131 4208 242 4262 rentina
264 4208 348 4264 hodie
372 4212 483 4265 entare
505 4209 641 4265 Henricus
665 4208 771 4263 Kailios
793 4209 890 4263 noster
912 4210 1030 4264 testetur
1052 4208 1193 4280 Philologi
1216 4213 1236 4265 t
1265 4212 1277 4265 l

131 4314 158 4365 p.
179 4303 238 4364 182,
261 4298 406 4353 sciendam
428 4301 472 4353 est
494 4298 659 4369 typothetae
683 4297 753 4352 vitio
771 4296 852 4352 illum
872 4297 912 4352 Xl
930 4298 1036 4353 saeculi
1054 4315 1114 4354 esse
1135 4299 1202 4370 legi,
1229 4300 1278 4369 qui

130 4383 166 4438 sit
185 4383 254 4442 thl.
292 4385 347 4441 Sed
366 4385 421 4441 duo
440 4403 507 4442 sane
527 4385 577 4442 alii
594 4386 709 4441 tabulae
727 4402 811 4455 supra
828 4387 938 4457 positae
956 4386 1025 4442 olim
1049 4387 1170 4442 addendi
1189 4393 1278 4462 erunt,

131 4490 201 4544 quos
226 4492 300 4530 nunc
319 4475 446 4531 consulto
465 4475 649 4546 maetemiei.
