2940 5004
245 334 310 397 568
335 348 499 396 vonuunu
518 347 561 394 uo
582 347 653 393 nna
672 345 829 393 ausonae
849 344 920 392 von
940 326 1159 391 xnnoenon’s
1180 341 1367 389 suessam.

247 492 302 556 sed
325 491 484 556 delectum
508 489 573 555 acri
597 489 717 554 iudicio
741 511 779 554 ex
803 488 891 554 omni
911 488 1089 572 scripturae
1107 486 1293 572 farragine,
1318 485 1399 569 quic·

247 597 324 681 quid
347 597 398 660 vel
427 596 467 660 ad
491 595 726 680 intellegendas
757 595 925 681 scriptoris
956 595 1134 660 sententias
1167 594 1222 658 vel
1257 592 1298 657 ad
1331 613 1398 676 per-

246 703 424 769 noscendae
453 702 727 787 addiscendasque
755 703 843 787 leges
870 702 1001 788 linguae
1031 701 1269 787 grammaticas
1294 699 1397 763 facere

246 811 422 876 videretur:
449 809 484 875 id
507 809 594 894 quod
617 810 651 874 in
674 810 866 875 scholastica
889 810 1060 895 disciplina
1083 809 1307 874 cummaxime
1331 828 1397 871 esse

247 917 459 1003 spectandum
489 939 601 982 omnes
634 918 849 983 consentiunt.
900 917 1001 1003 Atqui
1032 915 1113 980 illud
1146 914 1301 1000 profecto
1335 935 1396 978 uon

247 1025 367 1110 poterit
396 1024 570 1107 opprobrio
593 1024 690 1107 verti,
718 1024 803 1109 quod
827 1035 903 1110 pars
927 1046 1051 1106 eorum,
1074 1045 1157 1108 quae
1181 1023 1261 1088 huic
1285 1025 1394 1087 nostro

246 1132 398 1197 instituto
421 1130 577 1195 inservire
601 1130 772 1214 voluimus,
796 1135 911 1215 suapte
929 1135 1045 1195 natura
1064 1130 1164 1194 etiam
1184 1129 1228 1194 ad
1248 1130 1394 1195 criticum

248 1262 349 1326 genus
383 1237 538 1321 pertinet:
570 1237 604 1302 in
636 1237 789 1324 pleraque
822 1261 862 1302 ne
892 1239 954 1304 hoc
985 1238 1112 1323 quidem
1145 1237 1244 1302 cadit.
1293 1235 1394 1312 Quid?

248 1346 332 1431 quod
356 1343 512 1428 quasdam
536 1344 713 1429 scripturas
737 1346 964 1411 annotavimus
988 1348 1096 1430 aperte
1120 1344 1235 1428 falsas,
1258 1345 1394 1409 vocabu·

248 1456 355 1519 lorum
377 1451 499 1517 formas
522 1460 569 1515 ne'
582 1450 722 1516 Graecas
746 1453 885 1537 quidem,
909 1452 965 1516 sed
988 1474 1126 1536 quarum
1150 1451 1280 1535 species
1304 1451 1394 1515 facile

248 1560 342 1625 fallat
369 1559 551 1644 imperitos,
579 1559 749 1624 verborum
778 1564 956 1625 structuras
983 1560 1120 1624 vitiosas
1149 1558 1286 1643 quidem
1317 1559 1396 1641 illas,

249 1665 304 1731 sed
332 1689 388 1731 cur
416 1665 482 1730 sint
510 1665 648 1731 vitiosae
675 1668 746 1751 ipsa
769 1667 876 1732 forma
898 1688 963 1732 non
988 1666 1168 1751 prodentes.
1216 1665 1313 1741 Quod
1336 1686 1394 1750 quo

249 1774 383 1839 consilio
407 1773 529 1837 factum
554 1773 611 1856 sit,
639 1778 779 1838 nonest
808 1774 939 1838 difficile
964 1773 1002 1838 ad
1027 1772 1277 1857 assequendum.
1324 1772 1394 1837 Ete-

248 1882 316 1946 nim
339 1881 541 1965 propositum
565 1879 627 1944 hoc
649 1879 720 1964 fuit,
743 1885 789 1963 ut,
812 1864 965 1964 aquibus
984 1879 1213 1963 Xenophontis
1235 1879 1395 1944 Anabasis

250 1987 385 2053 tractari
415 1985 511 2069 solet,
540 1985 595 2071 qui
621 1988 698 2050 sunt
721 1985 787 2050 fere
812 1987 926 2050 tertiae
954 1986 1066 2051 classis
1094 1986 1264 2070 discipuli,
1295 1987 1397 2051 abiis

249 2094 459 2179 consignatae
486 2093 521 2157 in
549 2093 696 2178 margine
726 2093 905 2178 scripturae
934 2092 1184 2178 diligentissime
1208 2093 1303 2159 domi
1325 2116 1396 2178 pen-

250 2203 439 2282 sitarentur,
467 2222 539 2265 cum
563 2200 700 2284 receptis
724 2205 1006 2285 compararentur,
1032 2200 1302 2286 interutrasque
1326 2200 1399 2286 quid

250 2307 463 2374 intercederet
482 2306 678 2401 discriminis
704 2314 877 2393 erueretur,
901 2312 993 2372 utrae
1016 2307 1098 2372 utris
1122 2313 1334 2390 praestarent
1356 2310 1400 2374 iu·

250 2417 420 2498 dicaretur,
443 2414 622 2499 harumque
641 2414 888 2480 meditationum
907 2416 992 2480 ratio
1011 2414 1199 2478 redderetur
1218 2416 1398 2481 sciscitanti

193 2553 239 2592 νη
255 2522 422 2608 magistro.
459 2520 551 2597 Quod
575 2543 647 2586 cum
671 2522 739 2586 fieri
758 2529 905 2608 nequeat,
928 2522 991 2587 nisi
1015 2520 1161 2586 simodo
1187 2523 1228 2586 ad
1259 2524 1399 2609 logicam

250 2628 418 2715 cogitandi
448 2650 594 2694 normam
626 2629 789 2697 sententia
819 2629 980 2715 exigatur,
1011 2628 1120 2712 modo,
1149 2650 1298 2712 quonam
1329 2653 1399 2696 cum

251 2759 309 2802 suo
334 2757 478 2821 quaeque
501 2735 573 2800 loco
598 2735 812 2819 grammatico
837 2736 985 2820 singulae
1005 2736 1177 2800 verborum
1197 2736 1251 2799 vel
1277 2737 1400 2803 formae

250 2844 301 2908 vel
330 2842 585 2908 constructiones
614 2842 743 2906 vinculo
771 2842 1009 2921 contineantur,
1038 2844 1227 2925 quaeratur:
1259 2847 1400 2928 sperari·

250 2972 322 3015 ruus
345 2949 414 3014 fore
438 2952 483 3031 ut,
507 2948 631 3012 sollerti
654 2948 782 3032 quidem
806 2953 1015 3033 praeceptore
1038 2948 1168 3012 illarum
1194 2951 1400 3016 exercitatio·

250 3080 327 3122 num
352 3054 431 3120 duce
455 3058 487 3118 et
511 3054 730 3139 moderatore,
757 3059 791 3119 et
819 3055 986 3141 ingenium
1009 3054 1203 3119 discentium
1228 3066 1401 3124 acueretur

250 3186 316 3228 non
344 3162 549 3227 mediocriter
576 3168 609 3226 et
636 3163 717 3226 satis
745 3162 888 3247 locuples
919 3163 959 3227 ab
983 3162 1024 3227 iis
1048 3171 1299 3247 compararetur
1321 3168 1400 3231 artis

250 3269 482 3356 grammaticae
501 3269 650 3352 facultas,
673 3290 711 3333 ac
729 3269 863 3334 minimo
884 3269 1013 3354 quidem
1032 3270 1110 3334 illud
1131 3267 1178 3354 (id
1200 3273 1291 3356 quod
1311 3297 1400 3359 spec·

250 3377 384 3442 tandum
411 3374 473 3440 fuit
500 3379 629 3459 praeter
652 3373 773 3462 cetera)
797 3375 984 3440 chartarum
1008 3375 1183 3460 dispendio.
1232 3377 1400 3462 Quocirca,

251 3506 323 3550 cum
347 3483 450 3568 primo
475 3482 508 3545 in
531 3481 603 3547 loco
627 3483 696 3568 iure
722 3487 861 3567 ponatur
886 3483 1131 3547 accuratissima
1156 3487 1308 3568 cognitio
1334 3492 1399 3572 ety-

250 3590 430 3675 mologicae
453 3589 570 3673 partis,
598 3590 633 3652 in
656 3588 718 3653 hoc
741 3609 858 3673 genere
882 3589 1002 3653 versati
1026 3610 1135 3653 sumus
1159 3589 1343 3677 imprimis,
1366 3618 1400 3659 ac

251 3699 340 3762 locos
363 3696 567 3781 praecipuos,
590 3695 645 3779 qui
669 3700 746 3759 sunt
769 3695 808 3759 de
832 3696 1031 3779 accentibus,
1059 3694 1097 3759 de
1120 3695 1289 3782 dialectis,
1314 3702 1399 3767 Atti-

250 3826 361 3869 corum
384 3804 590 3887 potissimum
614 3803 820 3888 proprietate,
843 3802 882 3866 de
901 3803 1068 3867 nominum
1087 3803 1333 3891 verborumque
1352 3810 1399 3874 de·

250 3910 434 3992 clinatione,
453 3909 491 3974 de
505 3910 736 3974 vocabulorum
754 3909 947 3975 formatione
968 3915 1001 3974 et
1018 3910 1266 3997 compositione,
1284 3915 1401 3980 idonea

250 4017 469 4101 exemplorum
498 4016 705 4081 multitudine
733 4016 878 4081 videmur
909 4017 1066 4101 persecuti
1098 4037 1177 4080 esse.
1228 4016 1294 4084 Sed
1325 4045 1400 4107 quo·

250 4124 347 4207 niam,
370 4127 407 4187 ut
430 4124 595 4207 praeclara
619 4123 714 4188 hodie
737 4128 788 4188 est
809 4125 893 4189 ratio
918 4124 1110 4204 scholarum,
1133 4145 1173 4187 ne
1195 4129 1400 4207 syntacticae

250 4228 380 4313 quidem
403 4229 569 4319 doetrinae
602 4232 754 4295 tractatio
778 4231 883 4296 aliena
907 4236 956 4296 est
980 4233 1020 4297 ab
1045 4253 1155 4296 eorum
1180 4232 1402 4319 institutione,

251 4337 367 4421 quibus
391 4338 532 4402 traditur
554 4338 731 4421 Anabasis,
759 4338 834 4402 huia
862 4360 988 4424 quoque
1012 4337 1121 4424 generi
1146 4337 1235 4404 haud
1262 4342 1402 4408 illibera-

252 4443 326 4507 liter
350 4443 580 4509 consulendum
605 4468 674 4509 esse
697 4446 897 4529 putavimus:
921 4448 958 4508 ut
981 4445 1123 4510 habeant
1147 4444 1317 4535 discipuli,
1341 4473 1402 4537 quo
