2910 5010
259 375 325 439 692
383 390 540 439 onmem
565 389 633 436 κατ
656 389 716 436 Dm
740 388 920 436 scflLAch
944 388 1013 435 νου
1037 387 1314 434 mmmmm.

302 535 415 613 Δηίοις
438 533 571 614 ἀντίβιοι
596 533 705 597 Γότθοι
729 532 821 612 μόνοι
845 531 1049 610 ἐςτιχόωντο·

301 642 444 720 Πληςίον
467 641 550 706 ἀλλὰ
574 642 774 719 παρέετηκαν
797 641 914 704 κλειτοὶ
937 639 1113 720 ἐπίκουροι,

302 749 438 815 (αξόνες
461 748 645 827 ἀγχέμαχοι,
670 749 700 813 οἳ
725 747 878 827 (αξονίην
902 749 1056 825 ἐνέμοντο

303 857 417 936 Καλήν,
441 856 594 935 ἠγαθέην·
618 856 753 920 δεύοντο
777 856 813 918 δέ
837 855 984 934 θούριδος
1008 852 1116 930 ἀλκῆς.

304 963 343 1028 Οἱ
367 965 425 1043 μέν
448 963 590 1042 κοίρανοι
614 964 693 1042 ῆςαν
716 964 764 1027 ἐνί
788 967 911 1045 ςτρατῷ
934 962 990 1039 ἠδὲ
1015 964 1180 1038 μέδοντες,

301 1072 357 1135 Καὶ
383 1075 421 1150 δή
445 1069 474 1149 ῥ’
498 1069 730 1149 ἀμφοτέρωθεν
753 1071 968 1149 ἐκαρτύναντο
993 1069 1168 1149 φάλαγγας

299 1178 535 1256 Προφρονέως·
559 1178 698 1240 κατιδὼν
722 1175 751 1240 δ’
773 1178 805 1242 ἐξ
830 1178 955 1255 αἰθέρος
979 1175 1170 1254 ἀτρυγέτοιο

301 1286 398 1348 Γαῖαν
421 1283 602 1362 ἀπειρεςίην
626 1288 759 1347 πυκνοῖς
782 1284 904 1349 ἐτίναξε
929 1288 1096 1362 κεραυνοῖς
1374 1301 1402 1348 ευ

299 1388 472 1455 Ἀθάνατος
496 1391 570 1454 θεὸς
594 1389 703 1453 αύτόε·
727 1391 875 1455 έπέςτενε
900 1388 928 1454 δ’
951 1391 1090 1469 οὐρανὸς
1115 1390 1222 1469 εὐρύς.

299 1499 361 1562 (ὺν
384 1494 413 1559 δ’
435 1496 499 1575 ἅμα
518 1496 550 1559 ἰε
574 1495 705 1575 ἀνέμοιο
729 1496 898 1560 κονίεαλον
921 1496 1142 1576 ἐεφαράγιζεν,

300 1605 356 1667 Καὶ
380 1604 480 1682 φέρεν
504 1601 582 1667 ἔνθα
606 1603 656 1666 καὶ
680 1602 758 1667 ἔνθα
780 1605 858 1682 κακὴ
883 1604 946 1681 πρὸ
969 1604 1089 1668 θύελλα
1113 1607 1236 1688 θυέλλῃ
1320 1664 1323 1667 .

301 1709 402 1794 Ἀτμῷ
426 1710 461 1772 δέ
486 1711 619 1794 φλογέῳ
643 1711 840 1789 λαοὶπυρὸς
864 1710 1075 1790 είλυφόωντο,

300 1818 356 1882 Καί
380 1816 503 1896 μεγάλα
528 1819 704 1898 βρομέουςα
728 1816 768 1880 δι’
790 1818 885 1896 ἠέρος
908 1818 1040 1896 ἐξεχύθη
1065 1817 1159 1896 φλόξ.
1367 1836 1395 1882 αι

298 1924 386 1989 Ἔζεε
411 1925 445 1987 δέ
471 1926 558 2002 χθὼν
581 1927 676 2001 πᾶςα,
699 1925 750 1987 καὶ
773 1923 901 2003 ἄμφεπε
926 1925 1042 2004 θερμὸς
1066 1923 1168 2005 ἀϋτμή

298 2032 395 2096 Υλέας
419 2031 619 2108 Αύςτριακῶν
643 2030 693 2093 καί
717 2031 737 2093 Γ
739 2029 853 2094 ότθους
878 2032 1125 2109 χαλκοχίτωνας.

299 2141 463 2215 Φθέγξατο
488 2136 516 2201 δ’
539 2138 576 2201 ἐν
599 2136 700 2219 πεδίῳ
723 2137 838 2216 ἐρατῆς
862 2137 1035 2214 ςάλπιγγος
1059 2138 1127 2218 ἰωή,

300 2245 377 2309 Ἠτε
401 2243 597 2322 μετάγγελός
620 2244 683 2308 ἐςτι
707 2246 860 2330 δυςηχέος
884 2243 996 2322 Ἀρεος
1020 2243 1103 2308 ὄςςα

300 2353 363 2430 Τῆς
387 2349 415 2414 δ’
437 2352 508 2414 ἐπεὶ
531 2351 591 2414 οὖν
613 2352 728 2429 φωνὴν
753 2353 842 2413 λαῶν
865 2352 967 2429 ςτίχες
990 2352 1188 2431 εἰςήκουςαν,
1366 2370 1393 2418 ιο

301 2456 404 2522 Πάςιν
428 2457 537 2535 ὀρίνθη
562 2458 659 2535 θυμὸς
684 2456 730 2520 ἰδὲ
754 2456 871 2534 τρόμος
895 2456 1010 2536 ἔλλαβε
1034 2463 1110 2534 γυῑα

297 2567 380 2630 Τοὺς
404 2563 523 2629 ἄλλους
545 2586 579 2628 τε
605 2565 655 2627 καὶ
672 2563 779 2671 αὐτοῦ
804 2599 843 2608 -
870 2563 972 2642 ὁγὰρ
996 2566 1094 2629 κακὸν
1119 2565 1233 2631 ὄςςετο
1257 2573 1344 2651 θυμῷ
1360 2603 1389 2613 -

297 2673 435 2737 Τιλλύου
459 2673 553 2748 μένος
577 2671 629 2747 ἠύ·
653 2669 789 2733 πάταςςε
814 2672 849 2734 δέ
873 2670 904 2734 οί
927 2671 1025 2749 φίλον
1048 2673 1136 2751 ἦτορ.

298 2779 453 2859 Ὀχθήςας
477 2777 505 2841 δ’
530 2777 591 2856 ἀρα
615 2775 684 2840 είπε
709 2777 790 2855 πρὸς
814 2778 853 2840 ὃν
876 2779 1079 2856 μεγαλήτορα
1103 2780 1224 2857 θυμόν·

344 2992 385 3057 Ὤ
409 3013 461 3072 μοι
485 2993 550 3068 ἐγὼ
574 2991 602 3054 τί
626 2990 731 3066 πάθω;
756 2991 826 3054 ἐπεὶ
849 2990 932 3055 ὅςτις
956 2990 1036 3070 ἀνὴρ
1060 2996 1239 3073 πυκιμήδης
1365 3011 1392 3058 τι

297 3101 403 3176 Μήπω
426 3102 582 3178 ταρβήςας
605 3100 624 3175 ἢ
649 3097 815 3175 ἀποίχεται
838 3099 857 3177 ἤ
883 3097 910 3161 κ’
932 3097 1063 3177 ἀλέηται

294 3206 442 3284 Ὑςμίνης
465 3210 631 3284 κρατερῆς·
655 3202 726 3268 ἀλλ’
749 3205 909 3282 ἐμμενέως
931 3206 1070 3269 ίςταςθαι

301 3314 365 3391 Χρὴ
390 3311 463 3390 μάλ’
486 3309 686 3391 ἀριςτεύοντ’,
709 3310 759 3390 ἤτ’
781 3311 887 3390 ἔβλητ’
908 3310 957 3391 ἤτ’
980 3310 1068 3390 ἔβαλ’
1090 3312 1204 3379 ἀλλον.

342 3527 450 3590 Ταῦτα
472 3526 531 3604 μέν
553 3524 584 3588 οί
607 3527 781 3604 φρονέοντι
806 3524 900 3604 φίλος
925 3528 1087 3591 διελέξατο
1112 3527 1227 3605 θυμός’

298 3633 410 3697 Ἔνθεν
434 3631 462 3695 δ’
486 3632 603 3714 ἠνορέη
627 3632 757 3695 πίςυνος
780 3633 830 3695 καὶ
853 3633 911 3716 ῆφι
936 3633 1052 3715 βίηφιν,
1363 3651 1391 3700 ιο

296 3740 375 3805 (τὰς
398 3740 435 3803 ἐν
458 3741 557 3822 μέςςιμ
581 3737 676 3802 ἀϋςεν
700 3737 778 3803 ἀναξ
801 3741 881 3817 μέγα
905 3761 939 3804 τε
964 3739 1071 3803 δεινόν
1093 3760 1138 3819 τε,

297 3847 511 3924 Αύςτριακοῑςι
535 3848 570 3910 δὲ
594 3849 667 3909 πάςι
692 3847 771 3923 μέγα
796 3848 906 3911 ςθένος
929 3845 1039 3926 ἔμβαλ’
1062 3846 1185 3931 ἑκάετιμ

298 3952 413 4035 Καρδίῃ
438 3952 597 4031 ἄλληκτον
620 3954 802 4033 πολεμίζειν
825 3954 881 4031 ἠδέ
906 3953 1064 4033 μάχεςθαι.

295 4061 361 4125 Τού
385 4059 413 4123 δ’
437 4060 631 4139 ὀτρύνοντος
654 4063 790 4140 πρυλέες
813 4082 847 4125 τε
873 4063 923 4124 καί
947 4060 1044 4125 ὠκέες
1066 4060 1177 4125 ίππεῖς

297 4166 344 4232 Ἐς
368 4168 469 4232 πέδον
493 4168 656 4246 ἐρρώοντο
680 4169 930 4247 φιλοπτολέμων
953 4171 1116 4245 μεμαῶτες
1364 4188 1392 4236 επ

294 4272 385 4353 Ἀορι
409 4276 576 4357 λευγαλέῳ
600 4274 730 4353 δολιχάς
750 4273 859 4338 ἐλάςαι
883 4274 988 4352 ςτίχας
1012 4273 1154 4352 ἀνδρῶν’

295 4379 380 4444 Ἀλλ’
402 4381 461 4459 ούχ
485 4383 542 4459 ἥδε
566 4386 631 4463 θεῷ
654 4381 799 4464 ύιμιΖύγῳ
822 4382 940 4460 ἥνδανε
967 4383 1072 4460 βουλή.

295 4488 482 4564 (ευομένων
506 4487 534 4551 δ’
556 4489 667 4572 ίππων
690 4490 854 4567 πολυηχὴς
877 4488 981 4566 ὤρορε
1006 4492 1135 4568 δοῦπος,
