2986 5010
425 357 691 406 uuuuusmoms
715 359 920 407 uuuvrruuu.
1185 344 1249 409 411

198 500 296 586 Dedi,
319 522 487 585 reposcam
506 505 543 566 ut
560 501 700 567 habeam
719 506 844 568 mecum
863 504 948 588 quod
967 503 1069 570 feram
1088 505 1251 572 uiaticum.

195 607 278 673 Dedi
301 609 474 673 mercatori
497 607 663 694 quoidam,
687 610 743 695 qui
766 609 807 676 ad
830 610 922 676 illum
945 611 1078 678 deferat.

196 713 281 780 Dedi
305 714 425 780 dodum
447 716 639 802 priusquam
662 739 714 782 me
737 716 920 784 duocauisti
941 719 1038 785 foras.

196 821 282 887 Nam
306 844 367 909 ego
391 825 607 890 aestumatum
630 828 663 890 te
686 824 762 890 huie
785 826 857 891 dedi
880 826 1002 912 uiginti
1023 827 1132 912 minis,

105 964 169 1029 nisi
193 965 239 1030 ibi
262 987 322 1049 pro
345 970 373 1030 ie
394 971 600 1032 aestumatum
621 967 693 1033 haic
715 969 796 1051 dedi,
825 969 910 1053 quod
935 974 985 1034 est
1007 968 1041 1034 in
1065 967 1172 1053 libris,
1205 969 1252 1034 sio

105 1065 215 1156 potius
246 1073 483 1139 collocandum:
520 1076 727 1140 matermotum
756 1073 828 1138 hace
857 1075 928 1139 delii
958 1078 993 1139 tc.
1043 1074 1088 1140 Et
1117 1075 1252 1141 mirifice

105 1180 190 1246 hano
216 1176 401 1246 mensuram
430 1203 620 1268 omnemque
649 1183 755 1267 legem
784 1205 804 1247 a
830 1181 925 1247 nobis
953 1182 1143 1267 indagatam
1170 1183 1251 1249 illud

106 1287 278 1353 coufirmat
301 1289 396 1374 quod,
420 1311 483 1375 qua
505 1290 631 1355 ratione
656 1288 812 1373 simplicis
835 1287 911 1353 liobe
932 1288 1116 1372 imperativi
1140 1313 1251 1374 proso-

106 1393 193 1459 diam
227 1397 442 1480 eompositum
473 1395 571 1462 habea
605 1399 726 1479 servat,
760 1395 871 1460 eadem
903 1396 1014 1461 dadin
1046 1395 1168 1462 dictum
1202 1403 1251 1464 est

106 1500 231 1565 duabus
255 1501 407 1567 brevibus
431 1501 526 1586 Epid.
549 1502 589 1585 V,
613 1503 642 1585 2,
666 1503 721 1568 38:

195 1642 301 1709 De'din
324 1644 385 1710 tibi
407 1646 511 1710 minas
535 1644 671 1731 triginta
695 1645 736 1709 ob
760 1643 892 1710 filiam?
927 1644 1046 1711 Fateor
1069 1647 1210 1736 datas.*)

105 1785 158 1851 Ab
190 1786 242 1851 his
275 1791 399 1872 autem,
430 1810 513 1873 quae
541 1792 617 1853 sunt
645 1788 841 1871 certissima,
872 1788 1034 1872 proficisci
1062 1789 1102 1855 ad
1126 1791 1251 1857 rariora

106 1893 265 1979 quaedam
288 1894 426 1960 tutanda
449 1895 572 1960 licebit:
595 1916 672 1960 nam
692 1918 767 1960 rara
786 1917 940 1962 essenon
959 1895 1155 1981 estmirum,
1178 1920 1250 1963 cum

105 2004 236 2085 praeter
259 2001 376 2066 allatas
399 1999 521 2066 formas
544 2001 742 2085 paucissima
763 2002 799 2066 iu
821 2001 893 2086 ipsa
916 2001 1029 2088 lingua
1053 2002 1175 2069 similia
1198 2029 1249 2071 cx·

105 2107 214 2191 empla
237 2110 372 2172 exstent.
417 2106 531 2191 Itaque
553 2128 612 2172 neo
634 2107 719 2173 dati
747 2107 978 2192 imperativum
1001 2131 1087 2176 nuuc
1110 2112 1250 2178 sollicito

104 2213 222 2279 Bacch.
246 2213 272 2299 1,
298 2216 326 2299 1,
349 2216 406 2281 51:

193 2354 279 2422 Dato
303 2357 358 2441 qui
381 2357 463 2423 bene
486 2356 544 2422 sit:
577 2359 651 2444 ego,
679 2358 734 2422 ubi
757 2359 839 2425 bens
862 2359 918 2443 sit,
948 2359 1014 2425 tibi
1038 2363 1145 2428 locum
1168 2365 1246 2448 lepi-

957 2469 1034 2534 ddm
1058 2470 1156 2536 dabo:

105 2629 164 2672 nec
195 2608 281 2671 dari
312 2607 509 2673 obstinatius
537 2629 623 2693 nego
651 2609 769 2695 corripi
792 2610 937 2695 potuisse
961 2611 1043 2677 Rud.
1066 2611 1125 2697 lv,
1147 2615 1181 2698 3,
1207 2617 1250 2680 20

109 2713 194 2799 (coll.
218 2713 354 2798 Adelph.
377 2712 481 2797 111‚2‚
499 2715 547 2780 13.
572 2713 701 2780 Phorm.
725 2714 767 2798 ΙΙ,
785 2718 812 2799 1,
826 2714 898 2803 31):
921 2717 984 2783 hoc
1007 2723 1116 2783 autem
1139 2723 1249 2787 nescio

106 2842 148 2885 an
173 2820 221 2884 uti
243 2820 340 2884 liceat
368 2819 408 2884 ad
431 2824 515 2902 poti
543 2820 777 2886 defendendum
802 2823 836 2886 in
860 2823 967 2890 Aulul.
990 2824 1047 2909 IV,
1071 2827 1105 2911 9,
1131 2829 1185 2912 16,
1218 2834 1250 2894 et

106 2930 190 3011 loqui
213 2927 247 2993 in
271 2926 388 2992 Bacch.
411 2927 451 3012 V,
477 2930 504 3012 1,
530 2929 569 2994 18
580 2927 645 3014 **):
743 2933 744 2936 ’

197 3067 292 3135 Certe
314 3067 368 3135 hic
391 3092 492 3154 prope
516 3093 566 3136 me
590 3071 671 3136 mihi
693 3072 802 3138 nescio
826 3074 898 3158 quis
922 3074 1010 3159 loqui
1034 3075 1146 3141 uisust.
1194 3079 1249 3144 sed

959 3204 1053 3265 quem
1076 3181 1194 3250 uideo?

106 3321 311 3404 Quamquam
334 3341 400 3384 uon
423 3319 678 3386 obliviscendum
700 3322 733 3386 iu
757 3321 964 3389 liberioribus
987 3325 1067 3390 haec
1090 3348 1160 3392 esse
1183 3349 1248 3392 me·
1263 3344 1358 3386 cmx

103 3426 164 3493 tris
188 3427 304 3491 omnia.

194 3532 365 3599 Praeterea
388 3534 658 3619 quemadmodum
683 3536 867 3622 ecthlipsim
891 3560 964 3602 cum
983 3539 1178 3623 nominihus,
1201 3542 1249 3606 ita

104 3663 178 3706 oum
196 3640 303 3706 verbis
322 3640 407 3706 hanc
426 3642 663 3726 correptionem
686 3643 903 3727 particulae
927 3646 1084 3729 quaedam
1108 3650 1141 3710 et
1163 3647 1248 3711 bre-

104 3748 255 3813 viculae
283 3749 442 3813 voculae
470 3749 557 3814 vitae
580 3773 641 3814 usu
665 3749 801 3815 detritae
825 3740 1029 3818 communem
1051 3753 1246 3838 habuerunt,

104 3854 184 3918 item
213 3838 294 3918 illae
318 3859 351 3920 et
377 3854 558 3939 bisyllabae
590 3860 623 3921 et
650 3857 884 3940 paenultimam
916 3858 1048 3923 brevem
1079 3859 1247 3926 habentes.

104 3959 190 4026 Nam
215 3983 289 4026 oum
308 3984 435 4047 semper
452 3967 602 4046 correpta
619 3962 735 4027 ultima
757 3964 835 4029 aiei
855 3967 964 4047 perosi
986 3966 1100 4049 modo,
1124 3968 1157 4030 et
1179 3988 1248 4032 cor-

210 4208 310 4280 *)[Ex
328 4207 503 4264 Addendis
526 4226 553 4278 p.
573 4222 727 4264 oooxxvn:
754 4209 800 4264 ‘in
818 4209 929 4280 Epidici
952 4228 1036 4265 versu
1060 4212 1165 4267 excidit
1186 4229 1246 4282 epo:

102 4296 198 4351 Dedin
220 4297 273 4352 titi
295 4313 343 4367 epo
363 4298 455 4352 minas
477 4297 607 4367 tripinta:
635 4315 735 4367 pamm
758 4298 832 4354 onim
849 4299 1063 4370 'probabilitatis
1085 4300 1247 4357 habiturum

102 4384 193 4441 silex
211 4387 303 4454 dadin,
321 4402 372 4457 pro
391 4404 447 4455 quo
465 4387 549 4443 didon
566 4387 603 4458 B,
622 4385 752 4442 effectum
771 4389 903 4461 dedina']

143 4540 144 4543 Ἴ
194 4474 236 4545 ’')
256 4473 307 4546 [cf.
326 4478 422 4532 annot
440 4475 569 4532 adhunc
587 4477 721 4548 versum]
