2918 5004
244 345 309 409 650
621 359 854 409 nnnnrnrscrm
877 359 1005 408 aunan.

243 526 374 568 rursum
396 503 432 568 hi
454 503 634 587 despicatui
657 505 698 569 ab
721 501 789 566 illis
808 500 936 567 habiti?
969 501 1132 568 Neutrum
1152 503 1307 588 profecto
1326 525 1399 570 con·

245 610 392 675 siderate.
437 609 585 696 Namque
614 611 676 675 etsi
702 611 772 676 iure
802 632 879 676 sane
907 611 1087 696 meritoque
1116 633 1238 695 prose
1263 611 1401 696 quisque

244 716 278 781 id
301 717 518 801 amplectitur,
540 740 604 803 quo
628 720 741 784 innato
766 717 866 785 animi
890 719 1014 803 impetu
1038 722 1072 783 et
1089 718 1274 803 praecipua
1297 719 1400 784 delec-

244 825 367 889 tatione
395 824 550 909 ducatur,
577 830 727 910 recteque
755 825 859 890 altera
887 848 925 889 ex
954 828 1047 909 parte
1070 824 1327 910 antiquitatium
1351 846 1400 888 ex·

245 930 476 1016 plorandarnm
504 935 538 996 et
564 931 832 1017 pervestigandae
860 931 992 1016 linguae
1020 931 1129 995 studia
1154 930 1245 996 inter
1269 954 1305 996 se
1330 954 1401 997 con·

245 1038 402 1122 feruntur,
425 1042 459 1102 et
481 1061 564 1122 quae
588 1042 798 1125 utrorumque
821 1039 972 1124 propriae
996 1039 1063 1103 sint
1086 1038 1401 1122 commendationes,

130 1176 133 1182 >
246 1145 428 1231 dispicitur:
452 1152 563 1212 tamen
588 1168 659 1211 eam
683 1144 779 1211 debet
801 1146 882 1211 haec
900 1144 1100 1229 comparatio
1120 1145 1188 1208 vim
1207 1144 1345 1230 habere,
1367 1151 1402 1211 ut

246 1256 417 1337 utramque
441 1257 657 1339 cognoscatur
674 1256 802 1338 partem
821 1252 1046 1317 tantummodo
1065 1271 1136 1315 esee
1156 1251 1321 1334 plenioris
1341 1254 1401 1318 dis·

247 1358 396 1443 ciplinas,
418 1382 478 1425 nec
497 1360 561 1425 nisi
581 1360 777 1425 consociatis
795 1359 958 1443 utrimque
977 1357 1092 1424 studiis
1110 1380 1211 1442 posse
1232 1359 1401 1445 adipsum

247 1467 345 1531 finem
368 1466 568 1552 philologiae
591 1468 753 1551 perveniri
777 1467 994 1553 intellegatur.
1040 1466 1116 1531 Non
1140 1468 1291 1551 comperi
1316 1470 1401 1553 equi·

247 1574 320 1638 dem
350 1574 456 1639 simile
486 1575 639 1659 quiddam
669 1575 702 1639 in
734 1575 849 1640 ceteris
880 1573 1070 1658 disciplinis·
1090 1573 1176 1637 fieri:
1212 1595 1275 1638 nec
1307 1575 1401 1658 enim,

248 1685 404 1766 quantum
432 1682 563 1767 quidem
591 1681 705 1763 sciam,
738 1681 789 1747 vel
818 1682 853 1746 in
881 1681 1046 1766 theologia
1075 1680 1273 1765 dogmatum
1305 1682 1401 1749 inter-

247 1791 354 1872 pretes
383 1793 632 1853 contemnunt-ur
660 1788 701 1853 ab
730 1787 962 1870 hermeneutis,
994 1787 1044 1852 vel
1072 1787 1154 1852 iuris
1178 1788 1311 1871 publici
1333 1791 1400 1856 doe·

247 1900 335 1959 tores
364 1919 384 1958 a
411 1896 530 1979 privati
560 1896 812 1980 scrutatoribus,
845 1896 896 1960 vel
924 1919 944 1961 a
966 1894 1171 1981 physiologis
1197 1896 1400 1982 chirurgisve

248 2001 426 2088 pathologi,
450 2003 502 2068 vel
526 2003 656 2089 zoologi
679 2003 861 2070 herbariive
885 2027 905 2069 a
924 2002 1086 2084 chemicis,
1110 2003 1163 2067 vel
1189 2005 1399 2089 antiquarum

248 2108 459 2173 historiarum
486 2113 690 2176 enarratores
717 2112 759 2175 ab
788 2112 828 2177 iis
857 2111 911 2196 qui
939 2111 973 2175 in
1004 2110 1101 2175 medii
1131 2112 1206 2175 aevi
1238 2112 1398 2196 proximo·

248 2239 360 2281 rumve
380 2217 585 2282 saeculorum
605 2217 703 2282 rebus
727 2219 829 2303 gestis
853 2222 1031 2283 versantur.
1073 2217 1164 2293 Quae
1190 2219 1328 2303 quidem
1350 2240 1397 2283 ex·

248 2324 356 2407 empla
379 2324 440 2387 etsi
463 2326 597 2389 minime
620 2347 679 2390 nos
703 2326 788 2411 fugit
811 2325 904 2390 valde
928 2346 997 2390 esse
1017 2325 1172 2410 disparia,
1197 2329 1315 2392 tamen
1334 2333 1396 2391 tan·

249 2435 319 2495 tum
342 2430 565 2496 similitudinis
589 2431 711 2497 habent
735 2433 852 2515 omnia,
875 2435 1039 2517 quantum,
1062 2437 1099 2497 ut
1123 2433 1177 2498 hic
1201 2456 1397 2499 commemo-

249 2542 369 2621 rentur,
394 2538 473 2603 satis
500 2541 558 2602 est.
597 2535 712 2622 Itaque
742 2539 867 2603 videtur
891 2539 982 2622 illud,
1006 2540 1091 2624 quod
1119 2540 1396 2625 improbabamus,

248 2645 416 2730 proprium
439 2645 681 2730 philologorum
702 2683 739 2693 -
761 2669 827 2712 non
847 2669 925 2731 esse,
949 2647 1004 2711 sed
1023 2647 1137 2712 fuisse:
1162 2649 1300 2734 quando
1324 2671 1395 2733 pau-

249 2774 303 2817 cos
327 2774 397 2817 esse
421 2752 625 2837 suspicamur
648 2754 705 2838 qui
728 2776 794 2819 non
818 2753 985 2818 liberalius
1010 2753 1131 2818 sentire
1154 2753 1258 2820 hodie
1283 2754 1393 2819 didice

174 2860 323 2923 v111rint.
370 2858 432 2924 Sed
461 2862 571 2925 tamen
598 2883 638 2924 ne
662 2860 708 2925 sic
732 2861 861 2946 quidem
886 2861 926 2926 ab
949 2861 1014 2926 ista
1037 2862 1294 2946 reprehensione
1317 2865 1394 2926 oete·

248 2989 302 3032 rae
335 2966 525 3050 disciplinae
557 2967 678 3032 liberae
711 2972 795 3032 sunt.
842 2968 964 3046 Quodsi
998 2969 1084 3033 enim
1118 2991 1138 3032 a
1172 2969 1327 3052 partibus
1358 2967 1394 3033 ad

247 3075 320 3159 ipsa
352 3093 472 3158 genera
503 3075 683 3159 pergimus,
716 3097 788 3157 nec,
820 3097 902 3160 quae
931 3076 999 3140 fieri
1023 3078 1164 3159 constet,
1198 3076 1395 3141 obstinatius

247 3201 417 3265 negamus,
445 3181 587 3263 primum
614 3181 781 3246 fatendum
811 3186 861 3246 est
883 3181 945 3246 hac
968 3182 1175 3266 potissimum
1200 3187 1313 3248 aetate
1336 3203 1395 3246 non

248 3286 443 3351 mediocrem
467 3292 501 3351 et
524 3288 678 3352 invidiam
703 3291 735 3352 et
759 3288 1030 3353 obtrectationem
1054 3288 1140 3353 inter
1164 3288 1314 3374 reliquas
1337 3288 1396 3353 dis·

249 3392 387 3477 ciplinas
416 3400 548 3459 cunctas
578 3399 611 3459 et
633 3417 705 3459 eam
728 3395 941 3478 intercedere,
965 3417 1047 3479 quae
1071 3395 1146 3459 dum
1172 3417 1207 3460 se
1233 3419 1311 3461 cum
1335 3395 1395 3461 illis

248 3501 382 3585 confert,
407 3502 504 3586 longe
527 3502 686 3585 potiorem
711 3504 814 3568 iactat
837 3506 869 3567 et
892 3506 1060 3586 tamquam
1083 3502 1218 3568 domina
1239 3503 1395 3588 quaedam

249 3609 282 3674 in
310 3629 422 3673 servas
451 3609 618 3691 superbire
647 3611 828 3675 consuevit:
860 3632 957 3695 quam
981 3609 1110 3694 quidem
1134 3609 1209 3693 quis
1236 3611 1396 3677 docendus

249 3717 380 3781 sitnon
404 3716 502 3780 aliam
526 3720 623 3800 atque
646 3716 886 3802 philosophiam
910 3739 994 3800 esse,
1017 3717 1102 3782 iusto
1125 3718 1262 3801 saepius
1285 3740 1395 3804 parum

248 3823 340 3888 illam
365 3843 555 3906 memorem,
588 3845 685 3908 quam
709 3828 741 3888 et
763 3824 869 3889 inanis
893 3828 927 3888 et
948 3824 1050 3889 fallax
1072 3823 1144 3907 ipsa
1167 3824 1214 3889 sit
1240 3827 1313 3891 sine
1336 3828 1395 3911 ple

248 3931 385 3996 nissima
417 3930 619 4014 singulorum
653 3931 852 4015 cognitione,
883 3953 1000 4016 parum
1032 3951 1226 4014 memorem,
1264 3937 1304 3998 ut
1337 3954 1395 3998 uno

249 4037 347 4103 verbo
376 4037 495 4117 dicam,
528 4037 667 4121 exempli
696 4038 903 4103 Aristotelii?
950 4039 1155 4121 Quamquam
1189 4059 1395 4124 nequaquam

250 4144 428 4209 infitiamur
455 4166 521 4208 non
550 4143 653 4208 multo
682 4144 793 4209 minus
813 4145 853 4210 ab
878 4144 981 4211 altera
1004 4149 1098 4230 parte
1122 4166 1160 4219 eo
1184 4148 1334 4231 peccari,
1365 4151 1396 4210 ut

248 4273 313 4315 non
338 4251 418 4316 satis
442 4251 583 4335 reliquae
608 4255 704 4337 artes,
728 4274 824 4336 quam
850 4253 918 4317 sine
937 4251 1168 4337 philosophiae
1187 4250 1316 4319 lumine
1335 4274 1394 4319 cae

250 4357 388 4441 cutiaut,
419 4360 651 4441 persentiscere
680 4359 858 4424 videantur.
904 4360 1045 4425 Rursum
1074 4361 1186 4423 autem
1217 4360 1282 4426 hae
1313 4363 1395 4447 ipsae

250 4483 323 4531 cum
350 4464 471 4532 rationi
495 4467 722 4531 convenienter
750 4467 784 4530 in
807 4466 887 4531 duas
910 4474 1019 4552 partes
1043 4466 1293 4549 dispescantur:
1327 4491 1396 4554 qua·
