2918 5004
263 341 327 404 676
639 354 872 403 navarsrscnn
896 355 1024 402 aunan.

262 501 296 563 iu
325 500 403 563 urbe
432 499 480 563 ita
507 501 636 582 praeter
663 502 787 562 ceteras
816 498 939 562 radices
963 498 1044 583 egit,
1069 519 1108 562 ea
1134 501 1170 562 ut
1194 498 1409 582 principatum

264 607 425 690 quendam
449 605 500 670 vel
525 606 668 670 tenuerit
690 599 751 670 vel¹
764 608 888 687 teneat,
911 605 966 670 sed
991 605 1089 669 etiam
1115 605 1255 689 propria
1280 605 1344 669 sibi
1370 619 1424 668 ar·'

264 713 477 778 mamentaria
504 717 601 797 atque
629 713 872 797 propugnacula
899 712 989 795 ipsas
1020 712 1148 776 invenit
1172 712 1409 793 universitates,

263 843 399 905 quarum
422 824 589 903 tamquam
618 821 651 885 in
673 820 747 884 foco
771 823 982 902 perpetuatae
1007 820 1167 884 salutares
1194 820 1361 884 scintillae
1382 820 1410 881 iu

263 949 301 992 ea
325 927 450 991 lumina
473 947 634 1009 exarsere,
658 948 739 1011 quae
763 948 836 991 curu
859 926 982 1009 patrias
1007 930 1112 991 terras
1135 931 1209 991 tum
1235 927 1345 1011 ipsum
1368 949 1409 991 or·

263 1035 336 1099 bem
360 1038 520 1097 terrarum
544 1032 760 1098 illustrarunt.
789 1032 879 1118 Ergo
898 1032 1010 1118 igitur,
1031 1036 1069 1096 ut
1087 1055 1153 1098 uno
1173 1034 1279 1098 verbo
1304 1033 1409 1114 dicam,

263 1141 348 1226 apud
376 1162 436 1204 nos
465 1160 537 1203 cum
567 1139 636 1223 ipse
664 1139 723 1204 flos
748 1144 781 1204 et
804 1140 904 1203 robur
927 1139 1329 1223 artiumlitterarumque
1352 1161 1408 1202 nou

263 1250 307 1313 sit
332 1269 428 1331 penes
453 1245 648 1330 academias,
672 1246 727 1310 sed
752 1267 851 1330 penes
875 1245 1104 1310 universitates
1129 1249 1163 1310 et
1188 1247 1235 1310 sit
1259 1251 1293 1309 et
1312 1246 1409 1328 fuerit,

263 1376 459 1438 consequens
489 1357 538 1416 est
566 1357 603 1423 ut
632 1353 671 1417 ad
700 1353 827 1418 litteras
858 1376 915 1417 sua
938 1374 1052 1417 caussa
1075 1353 1232 1418 colendas
1256 1375 1324 1418 nou
1346 1375 1409 1417 esse

263 1485 344 1546 opus
378 1460 552 1526 academiis
585 1461 821 1526 concedendum
854 1462 904 1525 sit
957 1460 1009 1524 An
1042 1459 1112 1524 ulla
1145 1465 1199 1525 est
1233 1460 1408 1545 disciplina,

262 1592 345 1654 quae
368 1591 440 1634 eum
464 1568 638 1651 pristinam
662 1568 801 1653 speciem
821 1589 913 1632 suam
933 1567 1150 1631 serationem
1169 1572 1289 1632 uostm
1308 1572 1407 1632 aetam

263 1699 396 1759 prorsus
424 1676 624 1741 mutarit-
656 1680 799 1740 mutasse
829 1678 936 1740 autem
964 1678 1093 1739 constat
1122 1674 1300 1759 plurimas,
1333 1697 1406 1760 quae

263 1788 330 1847 tam
359 1783 408 1848 sui
437 1783 612 1847 dissimiles
642 1782 738 1847 hodie
762 1786 947 1867 evaserunt,
979 1782 1031 1846 vix
1055 1785 1092 1846 ut
1116 1782 1251 1847 eaedem
1276 1805 1347 1848 esse
1369 1784 1406 1847 vi·

262 1891 400 1955 deantur
423 1928 464 1936 —
490 1892 558 1954 eius
588 1890 718 1974 quidem
746 1890 978 1954 emendationis
1012 1889 1208 1953 beneficium
1240 1890 1405 1955 academiis

263 1997 469 2080 potissimum
498 2002 665 2081 acceptum
695 1997 837 2061 referat?
883 1995 985 2061 Sociis
1014 1996 1143 2080 quidem
1168 1996 1404 2062 academiarum

264 2103 413 2186 plurimis
437 2126 475 2170 eo
499 2105 534 2168 in
557 2125 675 2190 genere
699 2104 808 2168 deberi
831 2104 1005 2188 plurimum
1028 2103 1201 2168 fatendum
1226 2109 1278 2168 est
1301 2109 1334 2169 et
1352 2105 1404 2168 lar-

263 2209 416 2291 giendum
444 2210 637 2276 liberaliter:
675 2211 729 2275 sed
759 2210 821 2276 hoc
848 2219 956 2294 quam‘
974 2214 1087 2276 contra
1110 2216 1262 2276 nostram
1287 2216 1403 2276 senteu-

263 2316 342 2378 tiam
376 2316 456 2381 nihil
486 2319 605 2399 valeat,
638 2318 713 2382 ilico
749 2318 912 2382 auditores
947 2317 1164 2402 perspicietis,
1195 2319 1254 2383 ubi
1283 2317 1401 2383 eosdem

263 2422 337 2485 illos
360 2423 606 2489 universitatum
632 2447 702 2490 csse
727 2425 830 2489 socios
854 2424 1091 2507 reputaveritis.
1123 2423 1197 2508 Age
1223 2427 1320 2509 euim,
1341 2447 1402 2489 aca-

263 2528 385 2594 demias
409 2530 559 2594 orbemus
579 2553 690 2595 eorum
712 2530 918 2596 multitudine
937 2530 1106 2614 sociorum,
1131 2532 1187 2615 qui
1214 2532 1315 2597 simul
1338 2553 1402 2617 pro·

264 2636 422 2701 fessorum
442 2659 572 2701 munere
592 2639 625 2702 in
645 2661 679 2702 se
698 2642 828 2722 recepto
849 2638 1075 2702 universitates
1094 2642 1230 2703 ornant:
1254 2661 1322 2704 uon
1340 2639 1400 2702 sinc

189 2765 248 2804 vm
263 2744 435 2809 miratione
455 2744 628 2828 apparebit
646 2746 901 2829 numerantibus,
920 2744 1114 2828 quantillum
1134 2745 1179 2809 sit
1195 2746 1283 2829 qnod
1303 2747 1400 2809 restet

260 2849 336 2916 Non
364 2852 473 2915 nescio
502 2856 654 2936 exempta
678 2873 747 2916 esse
771 2874 809 2916 ex
831 2852 927 2916 huius
952 2851 1150 2916 condicionis
1174 2852 1399 2916 communitate

262 2958 421 3041 quaedam
444 2959 578 3022 uomina
602 2958 875 3041 splendidissima,
900 2981 936 3023 ac
960 2962 1087 3041 praeter
1110 2962 1241 3022 ceteros
1264 2980 1330 3022 non
1352 2955 1398 3019 ob·

261 3064 394 3129 liviscor
421 3065 507 3129 illius
536 3065 596 3129 viri
625 3065 831 3149 immortalis,
865 3066 915 3130 cui
943 3086 1027 3129 nunc
1050 3063 1135 3128 inter
1158 3065 1319 3129 mortales
1341 3084 1397 3127 nou

262 3170 424 3237 immerito
457 3172 618 3256 quendam
650 3172 834 3237 litterarum
867 3172 1082 3255 principatum
1116 3169 1245 3235 deferre
1277 3191 1398 3234 venera·

262 3277 370 3341 bunda
393 3282 483 3342 aetas
506 3284 620 3343 nostra
643 3280 735 3344 solet.
780 3279 826 3342 At
846 3277 880 3341 hi
905 3282 938 3342 et
961 3298 1092 3342 numero
1116 3283 1196 3341 sunt
1221 3273 1397 3362 paucissimi

261 3388 294 3446 et
321 3406 396 3449 vero
425 3385 520 3469 tales,
553 3407 634 3469 quos
663 3385 879 3450 certissimum
908 3385 952 3449 sit
979 3385 1017 3449 de
1047 3384 1166 3448 litteris
1200 3406 1269 3451 non
1301 3384 1397 3447 minus

261 3492 426 3572 praeclare
449 3494 622 3558 merituros
646 3491 746 3557 fuisse
769 3495 866 3576 atque
890 3491 930 3556 ad
949 3491 1034 3555 idem
1052 3511 1185 3575 prorsus
1206 3491 1299 3556 velut
1316 3489 1397 3555 fasti·

261 3597 350 3679 glum
373 3599 498 3684 gloriae
529 3621 730 3683 escensuros,
758 3600 786 3663 si
810 3599 860 3663 vel
887 3598 968 3663 nulli
991 3597 1175 3663 academiae
1200 3598 1335 3682 ascripti
1357 3617 1397 3659 es-

261 3708 342 3787 sent,
366 3705 415 3769 vel
440 3705 539 3769 simili
562 3727 599 3770 ac
623 3725 709 3769 nuuc
732 3726 803 3768 cum
827 3704 993 3769 academia
1015 3703 1142 3768 vinculo
1166 3703 1199 3769 h.
1212 3726 1239 3768 e.
1258 3705 1396 3769 liberiore

260 3832 333 3873 cum
370 3812 480 3895 aliqua
515 3812 727 3876 universitate
763 3811 1021 3876 continerentur:
1058 3832 1117 3875 uec
1154 3809 1275 3875 desunt
1312 3811 1394 3890 enim,

260 3938 455 4001 quamquam
478 3918 646 4001 pauciores
671 3918 780 4001 etiam,
803 3916 858 4002 qui
881 3938 954 3981 cum
976 3920 1090 3981 neutra
1109 3910 1278 3983 coniuncti
1296 3922 1394 3982 tamen

260 4022 299 4085 de
323 4024 487 4090 doctrinae
515 4026 642 4091 artibus
666 4029 698 4088 et
722 4025 802 4089 bene
825 4026 1072 4108 promeruerunt
1094 4026 1127 4087 et
1150 4023 1224 4088 iure
1247 4024 1393 4089 inclarue-

259 4135 344 4194 runt.
376 4130 445 4197 Nec
468 4131 547 4195 illud
570 4132 697 4216 ignoro,
719 4153 816 4215 quam
840 4131 958 4195 eximia
981 4130 1162 4195 litterarum
1184 4133 1394 4208 monumenta,

259 4239 438 4303 coniunctis
462 4239 637 4304 multorum
663 4238 780 4303 studiis
803 4243 837 4302 et
859 4238 1002 4303 consiliis
1021 4240 1146 4321 parata,
1168 4259 1209 4301 ex
1229 4236 1393 4302 academia·

259 4365 331 4409 rum
359 4351 524 4430 tamquam
555 4346 694 4411 officinis
723 4368 796 4411 cum
825 4345 1005 4430 prodierint
1026 4349 1096 4409 tum
1120 4345 1310 4409 etiamnunc
1330 4362 1393 4427 pro

259 4451 371 4536 deaut,
414 4458 562 4537 sumptus
600 4453 780 4517 liberaliter
817 4452 948 4518 civitate
984 4451 1222 4536 suppeditante.
1279 4451 1392 4515 Rursus
