2986 5010
265 321 330 386 406
553 338 816 387 rnonueouunr
839 339 886 385 nn
911 337 1119 386 narroumvs

266 482 383 548 aetatis
407 505 467 548 usu
490 482 629 566 probata
646 484 718 567 ipsa
737 481 901 547 scribendi
918 482 1024 547 forma
1042 482 1284 567 exprimeretur,
1309 483 1414 548 multe

265 591 371 655 minus
395 589 549 655 credibile
572 591 674 656 videri
698 591 853 657 debuerat
876 589 962 655 binis
986 590 1122 675 syllabis
1146 590 1187 656 ab
1207 590 1265 655 illo
1285 591 1416 673 paudite

265 703 299 763 et
328 699 406 781 filiis
438 682 526 763 elata
559 719 638 762 esse.
689 694 841 763 Ceterum
873 720 939 763 non
970 717 1151 782 repugnare
1185 695 1417 782 genetivorum

265 827 338 869 vere
361 809 602 871 contractorum
626 805 787 888 exempla,
820 807 857 868 ut
879 804 1033 870 eluentem
1055 825 1113 889 pro
1137 804 1307 869 demetiam
1329 803 1417 869 Men.

264 910 321 997 IV,
336 913 365 997 2,
381 914 410 997 6,
434 912 539 997 quivis
563 910 726 996 perspicit,
749 910 813 975 nisi
836 910 890 994 qui
915 932 952 975 ex
977 932 1023 994 eo,
1046 910 1132 995 quod
1157 912 1258 976 etiarn
1281 913 1418 977 celatum

266 1018 415 1103 genetivo
440 1024 474 1084 et
495 1021 586 1085 deam
609 1018 745 1083 Plautus
769 1040 855 1101 usus,
879 1017 1050 1083 concludat
1072 1018 1257 1083 celatorum
1282 1024 1317 1084 et
1339 1021 1417 1085 deo·

264 1146 345 1191 rum
367 1126 489 1192 formas
512 1126 559 1192 ita
582 1125 861 1211 pronuntiatas
886 1146 954 1190 esse
978 1127 1015 1189 ut
1038 1128 1104 1189 tres
1127 1127 1256 1189 tantum
1279 1131 1314 1191 et
1333 1127 1417 1194 duae

165 1255 251 1295 euru
266 1233 411 1318 syllabae
442 1234 637 1299 audirentur.
689 1232 891 1316 Quamquam
922 1231 950 1296 si
981 1231 1132 1296 volumus
1162 1254 1286 1297 verum
1307 1233 1417 1320 fateri,

265 1363 331 1405 non
354 1340 440 1405 aliud
465 1363 542 1406 sane
564 1340 689 1406 faciunt
712 1338 766 1424 qui
790 1339 880 1404 velut
903 1339 1025 1404 diuitiis
1043 1338 1074 1403 in
1096 1338 1183 1403 exitu
1203 1362 1318 1406 versus
1338 1343 1417 1407 seri·

266 1447 348 1511 bunt
370 1448 422 1511 vel
445 1449 574 1513 sciebam
602 1448 635 1515 in
658 1445 817 1531 principio
840 1445 1006 1511 trochaici,
1029 1483 1072 1492 -
1095 1444 1143 1511 Vt
1166 1450 1277 1512 autem
1300 1448 1335 1513 in
1359 1472 1416 1515 ne

266 1554 407 1619 minibus
436 1558 450 1620 a·
478 1556 608 1621 litterae
639 1553 813 1639 synizesim
844 1553 907 1618 sibi
937 1553 1102 1638 propriam
1125 1551 1227 1618 habet
1250 1555 1329 1635 diae,
1366 1557 1417 1622 eui

266 1660 430 1728 addendus
459 1664 572 1728 trium
600 1661 768 1748 genetivus
793 1660 879 1725 Trin.
904 1660 967 1726 848
996 1658 1087 1746 (nam
1115 1660 1153 1726 de
1182 1660 1259 1725 lieu
1284 1665 1318 1727 et
1341 1665 1416 1729 die-

264 1775 385 1836 rectus
414 1771 592 1837 rectissime
623 1792 725 1855 nuper
753 1767 959 1833 Hermannus
990 1766 1133 1852 statuit),
1166 1769 1212 1833 ite
1243 1769 1280 1833 in
1304 1771 1415 1836 verbis

265 1900 365 1962 prope
394 1901 494 1943 unum
521 1879 612 1944 seio:
644 1877 734 1943 euius
757 1876 882 1940 formae
905 1875 1089 1959 bisyllabae
1112 1896 1225 1940 omnes
1250 1880 1417 1963 monosyl-

214 1986 216 1999 '
265 1985 374 2050 labam
401 1985 713 2069 pronuntiationem,
748 1981 945 2066 bisyllabam
973 1982 1163 2067 trisyllabae
1192 2005 1313 2067 passae
1340 1989 1417 2050 sunt

265 2091 464 2175 saepissime.
510 2092 676 2158 Accedunt
703 2090 755 2154 his
784 2092 842 2156 ais
864 2092 922 2155 eit
943 2090 1181 2174 monosyllaba,
1213 2091 1416 2175 bisyllabum

265 2199 388 2263 eibum
411 2221 482 2263 eum
507 2199 624 2264 ceteris
647 2194 843 2283 personis*),
866 2219 1043 2282 numquam
1067 2200 1177 2262 autem
1201 2197 1243 2263 ad
1263 2198 1416 2265 similitu·

266 2303 374 2368 dinem
400 2306 462 2370 seio
489 2308 522 2400 et
547 2305 649 2369 seirent
675 2302 853 2367 formarum
883 2302 981 2367 etiam
1005 2303 1056 2367 aio
1081 2305 1226 2371 etaient
1249 2308 1415 2393 monosyl-

266 2409 352 2475 laba.
395 2409 521 2474 Horum
545 2413 652 2475 autem
676 2409 821 2473 omnium
849 2408 931 2474 nihil
957 2408 997 2474 ad
1021 2413 1130 2476 cetera
1153 2412 1254 2478 verba
1277 2419 1414 2498 quartae

267 2516 504 2602 coniugationis
532 2517 687 2581 tralatum
716 2520 779 2599 est,
811 2537 869 2580 nee
897 2519 1026 2600 praeter
1048 2516 1276 2601 imperfectum
1306 2524 1414 2586 eradi-

266 2626 359 2703 bam,
383 2624 418 2689 in
441 2623 612 2709 quentin
636 2623 773 2688 scibam
797 2622 953 2707 synizesis
972 2644 1088 2688 novam
1109 2646 1245 2710 eamque
1264 2632 1414 2694 constan·

266 2735 331 2795 tem
350 2731 488 2795 formam
507 2730 691 2815 procreavit
705 2728 780 2813 'ipsa
800 2729 960 2813 scriptura
979 2751 1173 2814 expressam,
1192 2732 1298 2797 ullam
1318 2734 1412 2799 fidem

265 2837 424 2921 bisyllaba
447 2840 576 2903 aureliam
599 2838 711 2901 eraclias
733 2836 844 2900 arietat
865 2837 998 2901 audiunt
1019 2836 1141 2901 habent
1164 2839 1215 2902 vel
1239 2839 1413 2925 trisyllaba

265 2947 433 3011 uratislaus
455 2946 605 3023 audiatis,
633 2966 691 3008 nee
715 2943 789 3027 plus
813 2943 888 3008 fidei
909 2944 1027 3024 faeiem
1051 2948 1083 3008 et
1105 2947 1241 3027 asapius
1263 2969 1339 3012 eum
1363 2970 1412 3014 ce-

266 3052 358 3118 teris:
380 3052 499 3119 nedum
522 3056 559 3116 ut
581 3052 729 3117 aarzteabo
753 3055 786 3116 et
809 3051 930 3116 similia
954 3056 1121 3118 eontracta
1144 3053 1218 3119 sint
1261 3054 1413 3120 Afferunt

267 3183 283 3223 e
307 3158 455 3242 Captivis
479 3158 588 3242 111,5,
612 3160 633 3223 5

372 3300 457 3366 Nam
481 3304 607 3386 se‘mper
630 3304 745 3366 occant
766 3298 857 3385 prins
881 3323 978 3386 quam
1001 3301 1146 3366 sarriuut
1167 3302 1300 3368 rustici:

265 3442 388 3507 nemini
418 3442 452 3507 in
481 3446 622 3508 mentem
653 3442 742 3507 venit
770 3444 870 3508 sarire
899 3442 1024 3508 formas
1051 3444 1191 3528 simplici
1219 3466 1238 3507 r
1261 3447 1410 3531 scriptae,

216 3581 218 3584 >
266 3571 348 3633 quae
366 3571 433 3615 non
451 3548 564 3614 dubito
584 3549 660 3633 quin
679 3550 776 3614 breve
789 3571 811 3614 e
828 3548 962 3614 habeat:
981 3551 1065 3615 unde
1084 3551 1280 3616 reddendum
1296 3551 1409 3618 Plauto

264 3657 396 3722 sdritrat.
420 3655 568 3720 Viderint
587 3656 688 3741 igitur
707 3678 804 3740 quam
828 3657 1057 3722 convenienter
1079 3658 1199 3724 rationi
1223 3662 1334 3744 agant,
1358 3661 1410 3744 qui

266 3786 339 3829 eum
367 3763 472 3827 tribus
501 3763 636 3847 syllabis
666 3786 685 3827 a
708 3763 824 3827 Plauto
853 3762 957 3829 dictos
985 3786 1055 3829 esse
1082 3764 1255 3830 verborum
1280 3789 1300 3830 a
1321 3770 1409 3832 sterria

266 3870 518 3955 compositorum
549 3869 772 3935 coniunctivae
801 3890 922 3954 negare
948 3876 1125 3955 nequeant,
1157 3877 1268 3937 tamen
1300 3875 1408 3940 neseio

267 3999 332 4062 qua
353 3975 528 4041 timiditate
551 3999 617 4040 non
641 3977 712 4042 ausi
734 3998 920 4060 peraeaes
947 3984 1079 4044 euertat
1100 3987 1314 4046 eeaeeaant
1337 3983 1409 4047 seri·

154 4107 252 4147 cunni
266 4085 342 4149 bere
365 4084 481 4168 plenas
504 4084 625 4148 formas
649 4084 684 4147 in
706 4086 756 4148 aas
778 4085 825 4148 iet
846 4086 916 4148 ieet
938 4090 1090 4150 exeuntes
1113 4090 1241 4170 tenent,
1272 4089 1408 4173 synizesi

373 4276 399 4347 ¹⁸)
427 4277 468 4332 De
497 4276 662 4333 Bentleiano
690 4279 855 4348 praecepto,
889 4295 944 4347 que
971 4278 1060 4334 selam
1088 4279 1263 4336 contrastam
1292 4282 1410 4337 sormam

266 4366 358 4422 aibem
376 4364 508 4435 probavit
525 4365 659 4421 damnata
678 4365 825 4436 trisyllaba
842 4366 882 4435 (in
900 4366 1000 4424 Heaut
1011 4367 1045 4436 V,
1056 4374 1081 4438 1,
1091 4372 1133 4425 51.
1153 4368 1268 4427 Pharna
1283 4370 1333 4442 IV,
1344 4379 1368 4443 1,
1379 4373 1412 4442 t),

265 4452 335 4510 alibi
353 4453 453 4509 dicam.
