2994 5018
306 340 382 387 uro
409 338 1029 388 nrann1rarcenrnnurussrun1nn.
1206 324 1247 387 87

98 479 178 534 serba
196 480 269 536 haee
288 480 395 550 posuit,
414 495 486 549 quae
506 478 691 536 adscribenda
709 478 877 548 existimavi,
896 484 928 534 ut
946 496 964 535 a
983 479 1075 535 Gellio
1095 481 1137 536 est
1156 480 1250 536 obser·

101 571 201 624 ratum.

163 659 303 714 Feruntur
331 659 384 713 sub
408 657 502 713 Plauti
525 658 637 713 nomine
663 657 825 713 comoediae
850 657 962 712 circiter
986 658 1006 712 C
1026 661 1056 713 et
1074 657 1159 714 XXX.
1194 658 1248 713 Sed

98 749 178 805 humo
198 747 410 803 eruditissimus
429 747 541 802 Laelius
560 746 637 801 XXV
659 746 808 802 dumtaxat
829 746 907 802 illius
931 763 991 802 esse
1014 748 1135 815 ceusuit;
1160 765 1251 817 neque

98 837 208 892 dubium
226 839 279 905 est,
299 836 368 906 quin
387 836 443 893 ista
461 835 556 902 etiam
576 852 648 903 qnae
667 851 684 889 a
702 834 805 892 Plauto
824 836 931 906 scripta
949 852 1005 891 non
1024 839 1099 904 sunt,
1117 839 1245 892 veterum

98 929 242 995 poetarum
260 925 379 981 inerint:
398 927 431 979 ut
450 924 486 979 hl.
502 923 588 992 Accii,
608 923 637 980 C.
651 923 758 979 Plautii
776 941 793 979 a
812 941 867 995 quo
887 924 980 981 dictae
1000 928 1066 981 sunt
1079 926 1246 982 Plautianae

96 1014 215 1082 tabulae,
234 1031 292 1070 nou
311 1014 469 1069 Plautinae.

164 1102 296 1159 Ceterum
316 1121 380 1159 cum
394 1103 471 1159 XXV
490 1121 508 1159 a
526 1104 667 1160 veteribus
682 1106 916 1160 connumerentur
930 1104 966 1160 hl.
981 1104 1075 1160 Plauti
1090 1105 1246 1175 comediae,

96 1193 238 1248 sciendum
261 1195 318 1261 est,
342 1196 436 1263 preter
458 1192 524 1247 illus
542 1193 593 1247 XX
616 1196 699 1263 (quae
723 1210 741 1248 a
763 1194 866 1249 nostrie
889 1194 1083 1264 grammaticis
1106 1211 1243 1250 consensu

95 1283 216 1338 omnium
245 1299 297 1352 pro
331 1281 470 1338 Plautinis
501 1282 651 1350 habentur)
683 1282 735 1337 tris
763 1299 781 1337 a
808 1282 899 1338 Gellio
933 1282 1085 1338 nominari:
1119 1284 1172 1338 hoc
1203 1286 1246 1339 eet

97 1372 257 1439 Boethium,
282 1371 492 1438 Nervulariam,
516 1372 636 1428 Fretum.
674 1372 764 1428 Varro
783 1375 812 1426 et
830 1372 891 1427 Sex.
911 1372 1060 1442 Pompeius
1078 1371 1151 1427 alias
1169 1390 1244 1429 com·

93 1461 184 1531 plnres
203 1463 380 1532 nuncupant:
400 1463 432 1516 ut
450 1463 639 1530 Anemonem,
659 1461 853 1530 Friuolariam,
872 1462 1048 1532 Phugonem,
1068 1462 1241 1518 Cestrionem

94 1552 178 1620 atque
196 1551 363 1619 detraham,
387 1566 490 1620 easque
513 1550 587 1605 iuter
605 1550 752 1606 Plautinus
776 1551 908 1606 referunt.
945 1550 986 1606 De
1006 1551 1128 1606 Astraba
1146 1553 1242 1608 tamen

93 1638 367 1696 coniurationia
385 1639 557 1696 dubitarunt
582 1640 612 1692 In
630 1639 734 1695 fabulis
748 1639 805 1695 suis
825 1641 935 1694 secutus
954 1641 997 1695 est
1013 1656 1131 1709 graecos
1146 1642 1241 1696 aucto-

91 1746 146 1797 res,
169 1729 294 1785 maxime
316 1728 529 1799 Demophilum,
553 1728 747 1784 Philemonem
771 1732 800 1784 et
823 1728 1023 1798 Epicharmum
1049 1729 1187 1797 Siculum,
1212 1733 1244 1785 nt

89 1818 223 1874 Horatius
248 1818 365 1874 Flaccus
390 1819 525 1885 testatur,
555 1820 722 1888 tantumque
749 1817 889 1873 scribendi
914 1817 1058 1888 elegantia
1083 1820 1113 1872 et
1137 1818 1242 1873 salibus

88 1908 164 1961 visus
188 1910 234 1963 est
260 1908 446 1978 praestitisse,
475 1909 507 1962 ut
529 1906 657 1977 Epistola
684 1907 823 1962 affirmare
852 1924 909 1962 uon
932 1906 1117 1976 dubitaverit,
1145 1907 1239 1962 Muses

87 1996 164 2065 ipsas
178 1996 312 2053 Plautino
327 2013 455 2052 sermone
473 1995 559 2051 fuisse
578 1995 727 2064 locuturus,
746 1997 769 2050 si
788 1996 875 2052 latine
888 1994 968 2064 loqui
983 1994 1145 2064 voluissent,
1165 1996 1242 2064 quod

86 2103 104 2140 a
117 2086 210 2141 Fabio
224 2085 400 2153 Quintiliano
414 2084 540 2141 refertur.
574 2086 712 2152 Quocirca
730 2084 837 2140 Gellius
856 2100 954 2139 censor
973 2084 1095 2153 optimus
1114 2085 1239 2140 omnium

86 2175 257 2245 scriptorum
281 2174 409 2244 appellat
430 2175 549 2230 eundem
568 2173 700 2230 Plautum
724 2174 869 2244 parentem
889 2189 922 2228 ac
940 2173 1095 2244 principem
1114 2173 1143 2228 in
1162 2175 1240 2230 omni

84 2264 178 2319 latina
195 2261 348 2333 elegantia
381 2261 528 2317 Vulcatius
543 2261 685 2333 Sedigitas
700 2279 763 2318 cum
782 2260 817 2317 de
836 2261 933 2317 ordine
953 2261 1122 2317 comicorum
1140 2263 1239 2318 scribit

84 2355 152 2423 post
171 2352 308 2407 Cecilium
328 2351 480 2407 collocavit
488 2352 618 2407 Plautum
634 2352 807 2420 caeterisque
822 2349 950 2406 omnibus
965 2350 1107 2420 praetulit.
1127 2352 1236 2408 Nomen
1312 2424 1313 2428 Ἰ

83 2441 185 2496 Plauti
203 2440 356 2496 deductum
376 2443 455 2495 esta
477 2440 598 2512 planicie
622 2439 725 2510 pedum
743 2441 786 2509 (ut
802 2442 847 2495 est
866 2440 962 2495 auctor
982 2439 1044 2494 Sex.
1064 2440 1238 2512 Pompeium:

82 2530 163 2602 prius
193 2530 267 2585 enim
291 2530 329 2585 M.
354 2529 452 2584 Plutus
480 2529 632 2585 dicebatur.
674 2529 747 2584 Hinc
770 2528 931 2599 semiplotia
953 2529 1139 2598 calciumeutu
1162 2531 1240 2586 dicta

81 2623 164 2688 sunt,
189 2620 291 2690 quibua
314 2618 345 2674 in
364 2618 560 2675 venationibus
581 2620 733 2674 uterentur.
772 2617 882 2674 Obiisse
901 2617 1021 2673 traditur
1039 2617 1137 2688 paucis
1156 2621 1237 2675 aunis

79 2713 151 2781 post
166 2711 199 2776 Q.
215 2708 338 2765 Ennium
358 2707 516 2778 olympiade
535 2707 689 2763 centesima
703 2708 786 2763 XLV.
826 2708 965 2774 Quantum
985 2707 1111 2763 iacturae
1129 2709 1235 2764 factum

79 2798 174 2854 sitin
198 2797 259 2854 eius
289 2797 385 2866 obitu,
409 2798 528 2853 testatus
552 2798 596 2852 est
617 2796 692 2852 idem
715 2798 805 2853 Postu
833 2796 877 2851 his
901 2795 1026 2852 versibus
1050 2797 1085 2851 de
1108 2815 1138 2852 se
1162 2814 1235 2871 com·

82 2888 200 2958 positia:

299 2976 455 3044 Postquam
473 2977 517 3031 est
535 2978 625 3031 morte
643 2978 743 3046 captus
762 2974 889 3043 Plautus,

299 3063 434 3121 Comedia
451 3065 540 3136 luget,
558 3081 660 3120 scaena
679 3067 722 3121 est
740 3064 860 3132 deserta,

300 3152 409 3209 Deinde
428 3154 509 3225 risus,
527 3153 619 3224 ludus,
637 3153 770 3223 iocosque
789 3155 819 3208 et
835 3152 945 3208 numeri

298 3242 440 3298 lnnumeri
458 3242 541 3298 simul
560 3260 656 3298 omnes
676 3241 941 3311 collschrymarunt.

146 3531 188 3597 ΙΙ.
227 3531 297 3597 Der
321 3531 455 3616 Anfsug
478 3531 535 3596 der
557 3530 811 3615 interpretation
835 3528 889 3594 des
913 3502 1159 3595 Plautinischen

434 3638 591 3722 Epidicus
615 3637 715 3702 durch
740 3636 879 3701 Werler.

80 3798 149 3864 (hus
167 3797 223 3853 den
241 3796 304 3851 drei
322 3795 569 3867 gleichlautenden
587 3793 856 3850 hendschriitlicheu
870 3794 964 3849 Noton
984 3793 1032 3848 des
1047 3793 1227 3864 Miiuchener,

81 3885 206 3941 Gothaer
223 3885 283 3940 und
297 3883 534 3941 Wolfenbdtteler
552 3884 716 3954 Exemplum
735 3899 791 3938 von
805 3882 936 3967 Werler's
949 3881 1230 3977 Epidicus-humahc

580 3991 635 4033 von
654 3977 733 4044 1⁶1³)

151 4101 241 4157 Huius
265 4099 379 4155 fabulae
401 4099 613 4156 interlocutores
636 4100 712 4154 sunt:
739 4100 763 4166 l)
782 4098 952 4169 Periphanes
975 4096 1024 4168 qui
1042 4096 1230 4153 introducitur

80 4188 295 4258 patrisfamilias
313 4188 466 4259 imaginem
485 4189 616 4257 referens,
634 4189 733 4257 utpote
750 4185 802 4240 filii
825 4185 896 4241 vitia
917 4185 1097 4257 vitabundus,
1115 4187 1228 4243 honoris
1271 4250 1272 4253 Ἴ

82 4281 112 4333 et
129 4276 287 4335 modestiae
305 4278 407 4334 custos.
439 4276 540 4334 Latine
559 4279 652 4333 autem
671 4273 852 4345 interpretari
870 4278 964 4346 potest
983 4275 1228 4346 ‘circumquaque

81 4367 271 4438 compicuus’,
293 4370 356 4436 περὶ
378 4367 397 4423 i.
422 4383 445 4423 e.
469 4367 574 4424 circum
597 4370 626 4421 et
647 4366 740 4436 φαίνω
763 4364 781 4419 i.
802 4382 825 4418 e.
845 4365 940 4433 lucem
964 4367 992 4433 a)
1016 4365 1227 4436 Stratophocles

80 4456 318 4527 postremissimus
336 4455 479 4528 nequitiae
498 4457 699 4513 commessator
721 4457 751 4510 et
768 4485 800 4493 -
822 4456 853 4508 ut
870 4455 971 4510 nature
989 4453 1111 4510 militum
1131 4457 1174 4510 est
1193 4487 1225 4495 —-
