2918 5004
477 360 711 410 caramlscna
736 367 861 409 hlamma
912 410 917 411 ⁷
1172 366 1237 430 629

94 507 130 567 ut
149 509 393 569 consummatae
413 503 634 588 praestantiae
652 504 824 569 historiam
843 504 1028 568 litterarum
1043 505 1237 572 Graecarum

92 611 326 695 nanciscamur,
339 612 411 694 nisi,
425 634 488 695 quo
503 610 745 677 communitatis
761 612 889 678 vinculo
904 611 1068 676 variorum
1083 633 1237 697 generum

90 721 199 802 partes
219 719 304 783 inter
319 740 352 784 se
371 720 599 784 contineantur
615 719 772 810 singulae,
794 719 883 785 velut
904 743 968 786 uno
991 726 1165 806 conspectu
1186 745 1236 788 co·

90 830 267 910 gnoscatur
285 848 481 912 caussaeque
502 828 688 911 aperiantur
709 830 742 892 et
765 828 831 911 via,
854 849 917 912 qua
941 850 994 892 ars
1017 851 1162 914 quaeque
1186 831 1236 895 vel

88 933 268 1017 disciplina,
291 938 466 1019 postquam
488 957 547 1019 per
569 930 689 1021 gradus
713 934 870 1020 quosdam
895 935 934 1000 ad
959 957 1120 1001 summum
1139 937 1238 1002 fuerit

88 1040 256 1125 fastigium
271 1039 418 1121 adducta,
433 1045 566 1105 aeterna
579 1045 714 1126 naturae
729 1040 922 1106 necessitate
937 1064 995 1125 per
1005 1044 1133 1108 eosdem
1145 1044 1237 1128 lapsa

89 1149 132 1211 sit
154 1150 189 1210 et
205 1150 370 1230 postremo
389 1147 558 1212 exstincta.
596 1146 687 1224 Quod
711 1146 891 1213 studiorum
915 1170 1017 1234 genus
1041 1173 1114 1215 cum
1137 1151 1236 1215 maio·

87 1275 160 1318 rum
185 1257 290 1318 aetate
314 1275 429 1338 parum
453 1253 699 1338 intellegeretur
717 1258 873 1339 quantam
895 1256 961 1319 vim
981 1256 1118 1322 haberet
1138 1280 1235 1343 quan-

89 1364 219 1445 tamque
240 1361 272 1426 in
293 1384 327 1426 se
348 1360 554 1447 gravitatem,
577 1365 645 1426 tum
670 1360 743 1426 inde
767 1362 808 1425 ab
833 1360 963 1446 Heyniu
988 1363 1067 1427 adeo
1092 1365 1236 1430 omnium

89 1468 252 1533 mentibus
280 1467 466 1552 persuaderi
495 1469 563 1533 eius
592 1468 768 1533 salubritas
792 1473 908 1554 coepta
931 1474 994 1554 est,
1022 1474 1060 1536 ut
1087 1472 1235 1558 certatim

89 1574 122 1637 in
147 1597 183 1639 eo
217 1574 401 1640 elaboretur
434 1598 562 1640 summa
594 1575 710 1640 virium
743 1577 933 1660 intentione,
964 1581 1002 1641 ut
1033 1579 1234 1663 integrorum

89 1703 221 1765 operum
246 1683 385 1766 iactura,
413 1705 496 1767 quae
518 1683 613 1748 nobis
639 1683 757 1747 invidit
778 1685 936 1768 temporis
959 1684 1128 1768 iniquitas,
1152 1685 1233 1750 fruc·

88 1789 276 1854 tuosissimo
309 1790 446 1863 ‚consilio
479 1790 683 1856 resarciatur.
728 1790 841 1855 Patuit
868 1791 955 1853 enim
983 1791 1048 1854 ista
1078 1791 1235 1856 industria

89 1896 178 1982 velut
202 1896 242 1961 ad
268 1896 375 1982 epicos
398 1900 521 1981 poetas,
545 1919 584 1960 ex
607 1919 672 1982 quo
691 1895 726 1961 F.
741 1896 780 1961 A.
795 1896 906 1961 Wolfii
930 1918 1027 1961 suasu
1046 1898 1234 1963 Antimachi

89 2003 245 2087 reliquiae
273 2003 512 2089 colligebantur
535 2002 790 2087 Schelleubergii
820 2003 941 2068 studio:
970 2008 1007 2068 ut
1034 2003 1129 2068 hodie
1158 2005 1234 2089 quid

89 2109 201 2194 cyclici
223 2114 345 2198 poetae
373 2110 621 2194 praestiterint,
642 2110 718 2194 quid
743 2106 928 2192 Choerilus,
956 2109 1033 2194 quid
1056 2109 1234 2195 Euphori0,

87 2215 163 2301 quid
192 2217 352 2302 Rhianus,
383 2218 550 2282 doctorum
581 2217 780 2302 quorundam
814 2217 957 2283 virorum
988 2218 1071 2282 curis
1100 2241 1233 2302 prorsus

86 2326 354 2409 perspexerimus.
388 2324 463 2389 Non
482 2325 607 2389 minore
626 2347 784 2408 successu,
804 2326 859 2409 qui
879 2325 984 2389 lucem
1003 2325 1124 2408 lyricae
1143 2327 1234 2410 poesi

88 2431 253 2518 afferrent,
276 2432 350 2497 illos
374 2433 527 2497 aemulati
552 2436 636 2498 sunt.
681 2431 727 2497 Vt
751 2433 837 2497 enim
861 2432 943 2497 nihil
967 2432 1071 2497 dicam
1096 2431 1135 2495 de
1158 2454 1233 2516 qua-

87 2537 259 2621 dripertita
287 2561 386 2623 opera
409 2539 443 2604 in
466 2538 644 2605 Pindaricis
667 2539 861 2625 fragmentis
885 2540 993 2623 posita
1015 2539 1089 2603 inde
1113 2561 1133 2603 a
1155 2540 1234 2604 cele

85 2645 226 2711 berrimo
255 2646 350 2711 huius
374 2646 558 2711 academiae
581 2646 748 2731 philologo
773 2644 968 2710 Schneidero
993 2644 1129 2729 Saxone,
1150 2647 1232 2711 nihil

86 2754 151 2818 iam
180 2757 231 2818 est
258 2754 342 2838 quod
371 2776 442 2818 sese
469 2754 634 2839 neglectos
663 2757 839 2837 querantur
868 2753 918 2817 vel
947 2752 1082 2836 elegiaci
1105 2753 1231 2836 generis
1343 2804 1345 2807 .

86 2865 201 2944 poetae
225 2860 410 2925 suavissimi
436 2860 486 2924 vel
510 2860 639 2924 iambici
663 2864 810 2943 repertor
825 2858 1040 2923 Archilochus
1064 2880 1136 2922 cum
1151 2859 1231 2943 Hip·

88 2972 235 3051 ponacte,
258 2966 308 3030 vel
335 2966 509 3031 Aeolenses
534 2962 667 3049 Sappho
690 2969 724 3029 et
747 2965 894 3048 Alcaeus,
918 2965 966 3028 vel
991 2963 1119 3029 doricae
1142 2966 1232 3048 lyrae

89 3077 180 3138 vates
209 3072 392 3158 gravissimi
421 3070 573 3155 Alcman,
602 3071 820 3154 Stesichorus,
848 3071 979 3155 Ibycus,
1009 3071 1232 3155 Bacchylides.

33 3184 35 3189 ’
87 3179 260 3246 Scaenicae
279 3183 389 3244 autem
408 3179 516 3263 poesis
535 3202 608 3245 cum
628 3181 716 3263 ipsae
736 3178 877 3262 origines
892 3177 1073 3262 praecipuis
1092 3178 1231 3262 philolo·

86 3310 201 3374 gorum
229 3286 345 3353 studiis
373 3287 572 3371 disceptatae
601 3286 666 3351 sint
689 3308 753 3351 non
778 3285 995 3370 mediocriter,
1024 3291 1093 3351 tum
1122 3287 1155 3351 iu
1179 3310 1230 3352 co·

86 3396 245 3483 micorum
264 3393 394 3478 quidem
414 3393 561 3477 reliquiis
581 3393 704 3478 insigni
718 3415 789 3457 cum
805 3393 898 3457 laude
916 3394 1036 3458 versari
1050 3393 1230 3459 Meinelrius

85 3502 243 3585 instituit,
267 3502 357 3566 cuius
382 3524 476 3565 curas
500 3501 707 3565 Menandrias
731 3500 854 3564 imitari
877 3501 1083 3582 studuerunt,
1112 3502 1167 3585 qui
1191 3500 1230 3566 de

88 3607 332 3692 AristophaniS,
361 3607 399 3671 de
423 3607 563 3691 Cratini,
586 3607 769 3691 Eupolidis,
793 3606 998 3672 Pherecratis
1026 3606 1160 3690 perditis
1184 3607 1229 3672 fa·

85 3714 170 3778 bulis
194 3720 309 3778 nostra
332 3718 438 3778 aetate
462 3715 542 3778 bene
567 3718 760 3779 meruerunt.
798 3714 844 3778 Vt
867 3737 931 3778 arna
949 3714 1118 3798 tragoedia
1136 3737 1230 3779 suum

86 3822 150 3886 iam
183 3822 432 3886 instauratorem
466 3821 626 3899 desideret
658 3827 691 3885 et
724 3845 798 3887 vero
831 3822 929 3886 etiam
963 3821 1115 3905 postulet.
1161 3821 1229 3886 Nec

83 3951 199 4013 prosae
227 3928 385 3993 orationis
414 3928 626 4013 scriptoribus
654 3929 894 4014 philologorum
922 3929 1094 4014 diligentia
1117 3929 1228 4013 defuit,

84 4058 166 4121 quae
198 4025 328 4121 quidem
361 4035 393 4100 iu
425 4036 513 4100 nullo
547 4057 663 4120 genere
699 4037 801 4100 maior
834 4059 930 4120 quam
964 4035 998 4099 in
1031 4036 1227 4120 exploranda

85 4142 315 4207 historicorum
344 4146 413 4206 arte
437 4146 470 4205 et
493 4143 649 4207 memoria
675 4143 810 4207 exstitit.
856 4141 926 4217 Quo
954 4143 1075 4206 factum
1103 4146 1165 4227 est,
1192 4147 1228 4208 ut

85 4254 118 4313 et
140 4249 443 4335 antiquissimorum
467 4248 706 4332 historicorum,
729 4250 784 4333 qui
803 4249 998 4334 logographi
1017 4251 1126 4314 vocati
1145 4254 1228 4334 sunt,

84 4360 203 4419 certam
231 4362 339 4422 mente
367 4356 542 4442 imaginem
570 4358 680 4441 tenere
708 4357 816 4439 liceat,
846 4361 882 4421 ut
908 4355 1084 4441 Hellanici,
1112 4357 1225 4421 Phere-

83 4462 191 4546 cydis,
206 4475 209 4480 ’
224 4467 256 4527 et
287 4485 412 4548 eorum,
443 4462 498 4547 qui
531 4463 563 4527 in
595 4463 845 4547 antiquitatibus
877 4462 997 4528 Atticis
1030 4463 1226 4548 explicandis
