2918 5004
260 337 325 402 642
638 352 872 402 uurnrursona
896 353 1027 400 annau.

260 496 428 563 teneteinii
455 517 647 582 generosam
675 496 917 580 simplicitatem
948 496 1138 581 aggrediar
1165 519 1188 561 a
1213 496 1420 561 simulationis

261 624 426 688 vanaeque
448 603 624 668 iactantiae
646 602 813 668 levissima
832 602 1016 686 suspitione
1037 603 1208 688 alienam,
1223 626 1344 669 verear
1359 626 1420 668 saue

260 732 301 774 ne
325 732 430 776 sermo
454 732 545 776 meus
573 731 640 776 non
667 714 795 774 tantum
819 710 1023 793 improbetur
1048 710 1112 775 sed
1141 711 1272 775 merito
1296 715 1419 776 conten·

260 822 365 884 uatur.
398 815 583 903 Cognatum
602 839 676 883 cum
694 815 757 880 hoc
776 816 864 880 aliud
888 819 938 880 est
960 836 1068 900 genus
1097 838 1236 901 eorum,
1262 819 1329 902 qui,
1350 818 1417 902 quod

261 924 354 989 unius
378 925 514 990 alicuius
538 923 726 1008 disciplinae
751 923 911 988 suavitate
935 923 1061 988 artisve
1088 922 1280 991 dulcedine
1304 927 1417 990 mirifice

260 1031 369 1095 allecti
401 1032 436 1095 in
468 1031 526 1096 illa
555 1031 619 1096 toti
649 1035 758 1096 esseut
787 1034 820 1094 et
849 1030 942 1114 quasi
971 1030 1194 1116 habitarent,
1232 1033 1373 1097 studium
1391 1038 1414 1096 et

260 1159 392 1221 operam
416 1138 457 1203 ad
480 1138 569 1203 illam
589 1138 766 1222 colendam,
789 1137 1048 1220 sustentandam,
1072 1141 1349 1221 promovendam
1365 1134 1414 1204 on·

260 1265 333 1308 nem
358 1245 572 1310 contulerunt.
619 1245 703 1321 Quid
727 1248 836 1309 autem
859 1243 990 1327 mirum,
1016 1245 1051 1307 in
1078 1266 1123 1309 ea
1149 1267 1186 1310 re
1215 1268 1352 1332 operam
1372 1270 1413 1310 co·

261 1373 394 1436 remque
417 1357 449 1416 te
474 1373 662 1417 consumere
685 1375 751 1417 non
773 1351 977 1435 mediocrem,
1001 1372 1107 1435 quam
1135 1353 1280 1437 quidem
1299 1355 1333 1419 in
1350 1354 1411 1417 deli·

260 1458 319 1523 ciis
355 1458 491 1541 habeas,
528 1459 568 1523 ad
605 1481 702 1545 quam
738 1459 839 1524 insita
874 1463 1012 1523 naturae
1045 1459 1237 1544 voluptate
1275 1462 1411 1527 nahae?

260 1563 383 1630 Oontra
406 1565 483 1649 quid
506 1565 719 1650 laudabilius,
741 1588 853 1650 quam,
882 1586 1020 1649 quorum
1044 1565 1121 1648 ipse
1146 1589 1222 1633 non
1249 1571 1296 1634 sis
1318 1591 1409 1635 aman·

258 1671 414 1755 tissimus,
438 1693 476 1734 ea
498 1693 636 1756 quoque,
659 1672 744 1757 quod
768 1671 931 1755 salutaria,
954 1673 1041 1756 quod
1067 1671 1226 1741 honesta
1246 1699 1317 1742 esse
1334 1677 1407 1742 intel·

258 1778 389 1862 texeris,
421 1782 453 1842 te
483 1779 634 1862 amplecti
665 1782 821 1864 tantaque
850 1782 883 1844 et
911 1778 1117 1844 liberalitate
1147 1786 1186 1846 et
1218 1785 1408 1869 providentia

181 1879 185 1886 ’
231 1900 235 1907 ’
258 1885 421 1971 adiuvare,
443 1887 536 1969 quasi
559 1886 594 1950 in
617 1887 734 1952 intimo
754 1888 827 1952 sinu
846 1885 978 1951 foveae?
1001 1908 1088 1970 quae
1108 1889 1225 1956 virtus
1247 1914 1320 1958 cum
1337 1892 1407 1956 inter

258 1993 442 2058 rarissimas
467 1994 511 2058 sit
533 1993 734 2077 mortalium,
758 1998 829 2059 tum
851 2015 926 2059 vere
948 1993 1042 2077 regia
1064 1993 1140 2060 iure
1168 2000 1303 2082 optimo
1326 1998 1406 2063 habe

257 2104 312 2165 tur
341 2104 469 2184 praeter
497 2103 630 2185 ceteras.
676 2100 785 2185 Atque
812 2095 875 2165 hac
898 2100 1017 2165 virtute
1041 2102 1118 2185 quis
1143 2103 1289 2188 ignorat
1311 2106 1406 2170 Aleu-

259 2208 421 2292 steinium,
443 2229 640 2292 quamquem
664 2208 928 2290 elegantissimae
951 2206 1269 2296 subtilissimasque
1289 2235 1326 2277 ac
1344 2234 1404 2276 vero

258 2316 356 2380 etiam
394 2316 576 2379 uberrimae
613 2315 803 2380 eruditionis
832 2313 961 2398 Virum,
997 2317 1067 2379 tam
1107 2316 1219 2382 finisse
1258 2320 1403 2404 insignem

235 2444 355 2511 ,quam
374 2445 394 2486 a
412 2444 532 2507 pravae
555 2421 720 2501 doctrinae
743 2420 838 2485 laude
862 2420 1041 2485 affectanda
1064 2421 1247 2489 alienum?
1271 2424 1403 2510 Denique
1454 2448 1455 2463 ¹

256 2531 388 2594 nostrae
416 2530 622 2612 potissimum
650 2529 767 2593 aetatis
791 2528 979 2592 memoriam
1008 2527 1224 2612 cogitatione
1256 2532 1402 2615 repetenti

257 2636 338 2700 mihi
365 2637 505 2703 occurrit
531 2636 666 2701 tertium
694 2634 855 2719 quoddam
883 2634 1015 2699 illorum
1038 2654 1164 2719 genus,
1200 2640 1260 2723 qui
1286 2645 1319 2705 et
1342 2639 1401 2704 vani

257 2743 438 2827 splendoris
471 2748 504 2809 et
536 2742 731 2807 ambitiosae
769 2740 959 2806 eruditionis
996 2742 1268 2809 ostentationem
1306 2745 1399 2831 procul

255 2850 424 2935 habentes,
445 2850 595 2936 publicae
615 2849 715 2914 saluti
733 2849 825 2913 unice
845 2848 1087 2933 prospicientes,
1110 2850 1278 2935 quicquid
1298 2855 1399 2919 ertiun

255 2957 503 3042 litterarumque
535 2956 576 3022 ad
604 2955 840 3041 comparandas
867 2955 953 3021 vitae
981 2953 1186 3020 cottidianae
1222 2960 1296 3025 sive
1329 2982 1397 3026 con·

183 3083 242 3123 vrn
255 3063 429 3143 moditates
453 3064 521 3130 sive
544 3063 764 3145 necessitates,
788 3061 938 3147 quicquid
961 3060 1124 3145 pertinere
1152 3063 1198 3127 ad
1223 3087 1396 3132 communes

253 3170 450 3255 reipublicae
482 3170 644 3236 utilitates
677 3170 838 3253 videatur,
870 3172 999 3234 tantum
1032 3167 1185 3234 studiose
1220 3175 1395 3258 suscipiant

255 3276 393 3360 benigne
423 3277 557 3342 foveant
584 3277 736 3361 alantque
763 3275 957 3360 impensiore
986 3296 1071 3339 cura.
1119 3274 1277 3346 Quorum
1301 3281 1393 3347 aliiiu

255 3405 293 3447 eo
317 3384 435 3449 artium
458 3384 703 3468 litterarumque
726 3384 868 3448 fructum
892 3404 1021 3447 omnem
1044 3403 1211 3466 reponere
1234 3388 1349 3469 solent,
1367 3388 1392 3447 ut

254 3490 373 3555 civium
401 3491 544 3576 adeoque
571 3490 715 3575 ipsarum
746 3490 928 3555 civitatium
950 3488 1101 3553 fortunae
1126 3491 1340 3573 opificiorum
1358 3494 1392 3556 iu·

253 3596 378 3663 dustria
397 3599 598 3682 adiuventur,
622 3618 774 3683 agrorum
793 3598 920 3662 cultura
938 3594 1174 3681 provehantur,
1198 3599 1390 3666 inventorum

254 3707 399 3771 sollertia
418 3710 606 3792 augeantur,
630 3706 896 3770 commerciorum
915 3703 1191 3788 negotiorumque
1210 3729 1277 3773 usu
1296 3706 1391 3792 ampli·

252 3814 396 3879 ficentur.
429 3815 483 3880 Ab
506 3815 570 3879 alia
593 3817 684 3898 parte
708 3811 934 3879 commendare
957 3810 1141 3875 doctrinam
1167 3835 1227 3878 eos
1252 3816 1391 3892 audinus,

252 3921 307 4005 qui
329 3944 395 3987 non
418 3922 528 4005 paullo
549 3921 653 4005 magis
673 3942 786 4003 sapere
806 3919 868 3983 sibi
888 3918 950 3983 visi
969 3909 1099 4000 public'a
1118 3917 1315 3988 litterarum
1332 3941 1391 3988 cure

253 4027 401 4111 publicos
421 4028 563 4093 civitatis
581 4027 748 4091 ministros
767 4025 958 4109 futurosque
976 4022 1198 4106 magistratus
1219 4029 1391 4096 formandos

253 4136 506 4220 erudiendosque
539 4135 602 4200 sibi
634 4136 866 4219 persuaserunt
896 4135 929 4195 et
958 4130 1008 4194 his
1038 4131 1260 4213 potissimum
1291 4137 1391 4202 finibus

252 4244 371 4307 artium
394 4247 427 4307 et
450 4242 695 4327 disciplinarum
718 4264 791 4306 cum
815 4237 985 4304 commoda
1007 4237 1194 4305 metiuntur
1219 4248 1294 4309 tum
1317 4242 1390 4309 insti·

252 4349 412 4414 tutionem
440 4348 717 4416 circumscribunt.
763 4346 884 4423 Quales
911 4344 1071 4409 utilitates
1097 4367 1175 4412 cum
1198 4372 1337 4435 prorsus
1356 4370 1392 4413 se

252 4454 581 4520 cundarias'dicimus
605 4459 638 4520 ct
661 4460 828 4538 tamquam
853 4450 1065 4535 adventiciae,
1095 4475 1168 4520 non
1192 4480 1344 4525 veremur
1362 4476 1393 4520 ue
