2940 5004
251 355 317 419 524
536 369 798 418 ruonsooumvs
823 369 870 416 na
895 368 1104 416 serrormvs

251 519 408 599 cognatos
441 515 554 598 fugare
588 513 650 577 dici
684 534 776 577 amor
804 512 868 576 nisi
901 511 1033 576 ridicule
1062 509 1131 576 nori
1158 518 1289 596 posset,
1319 511 1399 576 nihil

250 603 410 705 reliquum
443 620 506 685 fuit
541 620 605 684 nisi
643 623 680 683 ut
714 642 787 683 cum
820 625 886 684 tuos
918 619 1108 703 pronomine
1140 619 1232 684 tertii
1273 641 1399 705 quoque

250 728 388 793 membri
416 728 612 812 pronomina
639 726 891 791 conciliarentur
918 730 951 790 et
976 727 1067 810 [apat
1094 732 1122 792 le
1148 749 1169 791 a
1197 733 1250 793 tuo
1275 733 1399 792 anuo

251 834 446 901 scriberetur
474 856 533 917 pro
557 855 588 899 se
610 856 631 898 o
652 832 755 920 ssm.*)
781 870 822 881 -
845 833 1133 917 Reliquaomnia,
1161 856 1245 918 quae
1276 835 1311 900 in
1339 834 1399 900 hoc

250 922 377 1007 cantico
405 941 514 1025 posui,
541 945 621 1025 puto
649 944 752 1005 semet
778 940 852 1023 ipsa
880 940 960 1004 satis
987 940 1164 1005 defendere.
1210 940 1288 1006 Nisi
1316 942 1399 1026 quod

249 1073 310 1134 pro
338 1049 502 1134 asperiore
529 1070 558 1112 v.
586 1048 652 1113 284
679 1047 798 1112 cretico
826 1045 906 1132 pede
934 1048 970 1111 rit
999 1049 1040 1112 sit
1066 1049 1116 1113 arri
1144 1046 1232 1112 haud
1262 1049 1331 1114 scio
1360 1072 1398 1114 an

249 1160 395 1241 praestet
419 1148 522 1221 multo
545 1156 650 1220 lenior
672 1155 752 1220 haec
774 1176 940 1219 mensura:

339 1316 446 1381 Malus
470 1317 591 1381 bonum
615 1316 736 1379 malum
761 1338 831 1380 esse
855 1315 934 1400 uolt,
956 1317 1007 1381 so'i
1022 1299 1076 1381 *ori
1097 1316 1139 1382 sit
1162 1313 1298 1383 similis:

250 1501 327 1543 nam
350 1475 505 1541 catalonis
528 1477 740 1541 removendae
768 1477 996 1542 necessitatem
1022 1498 1087 1541 non
1114 1475 1224 1559 video,
1253 1479 1398 1544 omnino·

250 1606 311 1670 que
335 1582 420 1668 quod
440 1583 479 1646 ad
503 1583 764 1648 catalecticomm
785 1584 1098 1668 acatalectorumque
1123 1583 1231 1649 varias
1257 1606 1316 1669 per
1338 1585 1397 1650 hoc

250 1696 355 1757 totum
388 1691 549 1756 canticum
581 1690 820 1756 vicissitudines
853 1691 985 1774 attinet,
1018 1713 1082 1755 non
1115 1693 1270 1775 oportere
1302 1693 1397 1757 nimis

249 1799 455 1864 fastidiosum
475 1804 550 1863 'esse
574 1798 723 1864 arbitror.

710 2156 822 2204 csrvr
845 2137 933 2204 XIX.

338 2282 478 2347 Restant
500 2283 644 2347 miscella
667 2281 838 2367 quaedam,
865 2304 947 2366 quae
976 2286 1097 2367 quanta
1124 2285 1265 2364 potuero
1295 2285 1397 2349 brevi·

250 2393 319 2453 tate
342 2389 519 2453 absolvam.
527 2389 577 2474 **)

126 2525 247 2566 cccxvrs
340 2495 380 2559 In
404 2497 645 2582 argumentis
670 2497 844 2561 metricis
864 2497 1047 2561 fabularum
1066 2495 1297 2561 Plautinarum
1318 2502 1396 2563 trac·

249 2604 356 2667 tandis
371 2604 504 2669 eandem
519 2605 679 2669 rationem
694 2608 787 2668 teneo
807 2627 845 2669 ac
865 2604 892 2667 si
912 2604 946 2667 in
961 2603 1077 2667 Plauto
1096 2624 1218 2667 verser:
1239 2626 1318 2668 nam
1338 2606 1396 2669 etsi

249 2711 346 2775 nimis
371 2711 470 2795 lepidi
488 2712 619 2776 fuerunt
643 2711 698 2795 qui
721 2711 796 2775 huic
820 2711 883 2793 ipsi
907 2711 981 2775 illos
1005 2708 1181 2774 versiculos
1205 2711 1396 2795 tribuerent,

246 2822 357 2883 tamen
371 2841 445 2883 cunr
458 2819 605 2903 prologis
619 2840 685 2883 non
696 2817 856 2883 Plautinis
871 2818 1022 2883 omnibus
1036 2817 1097 2881 hoc
1112 2816 1135 2880 ii
1152 2838 1327 2884 commune
1343 2819 1394 2882 ha·

248 2924 328 2988 bent
350 2923 435 3007 quod
458 2947 590 3007 prorsus
614 2925 767 2989 Plautina
790 2946 994 2989 numerorum
1019 2928 1088 2988 arte
1112 2923 1190 2989 facti
1216 2930 1303 2990 sunt
1349 2925 1394 2990 De

110 3052 235 3093 cccxvu
251 3033 366 3116 quibus
395 3030 548 3116 quoniam
579 3031 682 3094 altera
712 3054 787 3114 pars
818 3031 886 3095 eius
917 3030 1214 3115 commentationis,
1242 3055 1342 3116 quam
1370 3056 1395 3097 a

248 3155 518 3203 crorocccxxxxr
539 3137 623 3201 edidi
643 3139 699 3222 [=
709 3137 1206 3222 Opus0.phil.llp.404-422]‚
1230 3162 1310 3205 casu
1333 3140 1395 3205 fac·

248 3249 316 3309 tum
332 3251 382 3309 est
397 3250 432 3308 ut
447 3245 551 3310 adhuc
561 3246 595 3309 in
610 3246 736 3310 scriniis
747 3246 923 3328 delitescat,
938 3268 1098 3310 summam
1109 3247 1295 3311 sententiae
1306 3270 1395 3312 meae

248 3374 345 3436 quam
369 3353 572 3436 paucissimis
597 3375 682 3416 nunc
702 3352 793 3416 illinc
813 3373 989 3436 excerpam.
1030 3351 1146 3434 Missis,
1159 3351 1264 3435 igitur
1285 3375 1394 3418 eorum

247 3459 410 3524 futtilibus
434 3459 640 3544 opinionibus
663 3460 718 3543 qui
743 3465 800 3523 aut
823 3482 842 3522 a
865 3458 908 3523 M.
931 3457 1077 3523 Varrone
1101 3461 1158 3523 aut
1181 3481 1202 3521 a
1225 3458 1395 3525 Prisciano

247 3567 368 3652 scripta
391 3568 597 3632 coniecerunt
619 3569 770 3651 (quorum
794 3566 847 3631 hic
869 3566 1039 3631 habuisset
1057 3565 1205 3650 profecto
1225 3569 1314 3650 quod
1334 3569 1395 3632 sibi

246 3674 474 3758 gratularetur,
492 3675 520 3738 si
540 3680 606 3738 tam
628 3675 732 3738 bonos
750 3674 917 3737 trimetros
935 3673 1040 3737 facere
1060 3673 1125 3738 ullo
1141 3674 1237 3739 modo
1258 3674 1396 3762 posset),

246 3780 326 3844 duas
350 3785 474 3846 aetates
499 3782 592 3845 video
616 3780 674 3845 tali
698 3780 828 3845 ludendi
852 3781 961 3865 generi
981 3783 1088 3864 aptas:
1113 3779 1251 3846 alteram
1273 3786 1395 3850 saeculi

247 3911 275 3952 u.
304 3910 329 3951 o.
357 3888 502 3972 septimi,
534 3911 598 3972 quo
631 3911 727 3972 quam
758 3887 936 3951 ferbuerint
966 3887 1182 3972 grammatica
1212 3891 1327 3956 studia
1358 3892 1397 3956 ad

246 3993 414 4059 Plautinas
438 3994 567 4060 litteras
590 3996 721 4077 collata,
744 3994 846 4058 Licini
870 3994 991 4079 Porcii,
1015 3993 1140 4059 Aurelii
1164 3993 1295 4082 Opillii,
1319 3998 1397 4065 Vol·

351 4224 379 4290 ²⁸)
397 4224 440 4294 [ln
459 4224 501 4279 aa.
522 4211 572 4279 ait?
590 4225 762 4280 aracharius
780 4225 914 4280 oletavit
931 4242 958 4279 a
977 4244 995 4279 a
1012 4226 1081 4292 aa]

335 4315 378 4381 **)
404 4312 540 4382 [Primum
567 4314 612 4369 hic
639 4315 748 4369 dixerat
772 4314 943 4369 Ilitschelius
969 4315 1003 4368 de
1028 4330 1190 4368 scaenarum
1211 4315 1399 4389 discriptione

245 4404 282 4471 lp.
306 4416 400 4457 cccxv
415 4404 481 4470 sq.):
514 4418 548 4456 ea
576 4420 650 4456 nunc
677 4402 808 4472 leguntur
837 4404 867 4457 in
894 4401 1067 4473 praelatione
1096 4402 1213 4459 alterius
1236 4405 1398 4463 Trinummi

245 4490 376 4546 editionis
394 4510 421 4560 p.
441 4506 518 4544 nvm
529 4493 581 4559 su]
