2940 5004
237 318 303 383 504
526 331 787 380 inconsonans
810 332 858 379 oa
882 331 1093 380 nrrrosmvs

238 478 383 563 linguam
415 477 582 541 transierit
611 477 718 540 crioilo
748 475 1003 558 pronuntiatum.
1054 475 1124 540 Nec
1154 498 1281 540 caussa
1311 497 1391 539 nunc

237 584 319 649 latet
342 607 399 648 cur
421 606 487 648 non
510 582 779 668 probabilitatem
802 585 939 666 tantum,
963 581 1018 646 sed
1041 584 1281 648 necessitatem
1305 604 1390 647 asom

237 693 325 757 vocis
357 691 533 776 synizesis‚
571 712 668 775 quam
702 690 767 754 iam
801 714 830 774 p.
864 709 945 755 cmv
979 692 1072 772 [399]
1107 691 1391 772 commendabam,

183 877 188 883 ᾗ
238 824 266 864 v.
294 800 377 864 1133
401 799 534 864 habeat:
607 834 611 839 ·

326 943 411 1007 Eum
436 964 580 1007 sororem
600 941 807 1026 despondisse
827 965 917 1007 suam
939 940 972 1006 in
992 946 1060 1006 tam
1078 941 1202 1007 fortem
1223 944 1389 1008 familiam.

237 1086 374 1152 Prorsus
407 1090 514 1150 autem
546 1085 744 1170 singularem
776 1085 971 1169 auribusque
1002 1085 1134 1149 minime
1167 1085 1388 1150 blandientem

239 1193 403 1277 dactylum
416 1192 447 1278 *)
476 1193 602 1277 integro
630 1191 791 1276 dactylico
821 1190 978 1255 vocabulo
1006 1191 1282 1275 comprehensum
1306 1194 1387 1277 quod

239 1325 267 1366 v.
292 1301 356 1365 289
381 1300 512 1365 admisi:

330 1443 400 1519 Quo
424 1466 539 1509 manus
563 1441 764 1527 apstineant:
787 1447 883 1507 cetero
906 1444 985 1527 rape
1003 1443 1095 1507 trahe
1115 1446 1192 1508 tene
1212 1445 1293 1530 fuge
1312 1445 1388 1510 late:

239 1588 271 1651 id
297 1587 446 1653 consulto
469 1587 531 1650 feci
555 1591 591 1650 ut
614 1587 646 1650 in
671 1586 812 1650 cantico:
836 1607 912 1648 nam
936 1587 991 1681 qui
1011 1585 1044 1649 in
1063 1586 1201 1651 canticis
1221 1609 1298 1652 cum
1318 1588 1388 1652 aliis

240 1695 387 1760 versibus
415 1699 485 1758 tum
513 1693 688 1758 trochaicis
718 1693 895 1758 octonariis
923 1693 1098 1776 septenarii
1128 1693 1324 1777 miscentur,
1356 1695 1386 1759 hi

240 1824 352 1867 eorum
382 1802 640 1886 septenariorum
670 1801 787 1885 quibus
815 1799 960 1884 integrae
990 1821 1126 1864 scaenae
1154 1801 1388 1866 continuantur

241 1911 444 1974 severitatem
470 1908 581 1973 multis
605 1908 639 1971 iu
663 1907 759 1971 rebus
784 1911 982 1971 aversantur.
1028 1904 1097 1970 Nec
1120 1906 1271 1990 profecto
1297 1910 1348 1973 vel
1371 1933 1389 1972 a

241 2040 375 2083 caesura
407 2016 593 2081 concinnior
624 2015 674 2079 rel
706 2038 725 2079 a
755 2014 912 2078 librorum
944 2015 1005 2078 fide
1033 2014 1135 2078 tutior
1162 2013 1245 2079 haec
1277 2039 1387 2080 versus

240 2126 364 2210 species
388 2129 451 2188 est:

330 2265 399 2341 Qus
423 2288 538 2329 manus
562 2264 765 2349 apstineant:
790 2267 896 2329 cetera
915 2286 1001 2348 rape,
1024 2265 1124 2348 trahe,
1147 2266 1226 2351 fuge
1252 2271 1287 2332 et
1310 2269 1387 2333 late:

240 2433 300 2474 nec
328 2409 414 2473 enim
439 2409 489 2471 vel
518 2413 593 2492 post
616 2412 764 2492 quartam
789 2408 838 2471 vel
862 2412 938 2492 post
961 2409 1108 2491 quintam
1133 2410 1233 2474 arsim
1260 2412 1297 2474 lit
1321 2434 1387 2475 cac·

242 2540 326 2599 sura,
349 2521 382 2580 et
405 2516 548 2580 insolens
572 2519 622 2578 est
645 2506 821 2598 dactylicae
841 2514 928 2579 vocis
953 2517 1149 2600 oxytonesis‚
1173 2522 1206 2580 ct
1230 2542 1251 2582 a
1275 2518 1385 2583 codici·

242 2624 302 2687 bus
324 2629 353 2686 et
375 2623 476 2686 abest.
524 2622 639 2706 Itaque
668 2645 740 2686 cum
769 2623 900 2706 produci
931 2645 1024 2706 posse
1050 2625 1122 2706 supe
1145 2646 1210 2713 non
1236 2627 1283 2689 sit
1306 2628 1388 2690 male

242 2731 380 2797 credulis
404 2727 674 2814 credendum**)‚
702 2729 797 2792 simul
824 2732 933 2792 autem
956 2731 1030 2814 plus
1054 2731 1182 2815 gratiae
1206 2731 1388 2798 dturbe'rurc

242 2838 384 2923 copulati
413 2835 598 2920 imperativi
626 2835 782 2919 habeant,
814 2858 913 2899 unam
937 2836 1138 2901 consimilem
1162 2839 1314 2904 voculam
1340 2863 1387 2905 ex-

242 2947 358 3010 cidisse
387 2944 509 3009 conieci
539 2942 580 3005 ab
604 2943 706 3025 ipsius
730 2942 878 3025 exemplo
903 2941 1010 3007 Plauti
1033 2944 1198 3027 profectus
1223 2944 1342 3011 Pseud.
1366 2946 1389 3028 l,

242 3055 271 3135 2,
295 3055 314 3117 6
330 3076 394 3136 sq.:

331 3176 394 3251 Qui
417 3164 499 3240 hae'c
518 3174 640 3239 habent
659 3175 808 3257 consilia,
833 3175 888 3239 ubi
908 3175 985 3239 data
1004 3176 1176 3240 occa'siost:
1199 3198 1285 3260 rupe,
1304 3181 1390 3262 cleps,

1097 3288 1191 3361 tenc,

455 3388 624 3471 Harpagio,
647 3390 724 3469 bibe,
746 3391 790 3472 et,
810 3391 892 3473 [τιμε.

102 3556 227 3595 oonxxx
242 3531 337 3596 Vnde
357 3533 417 3597 etsi
437 3536 584 3616 poteram
604 3532 704 3596 etiam
724 3533 801 3613 clepo
819 3532 853 3595 in
868 3532 1049 3597 Trinummi
1068 3555 1196 3597 versum
1216 3537 1392 3600 asciscere:

241 3638 315 3720 rupe
336 3640 415 3721 clepc
438 3639 525 3703 trube
545 3640 619 3722 stipe
641 3640 714 3717 late,
755 3644 863 3704 tamen
896 3639 975 3704 illud
1009 3662 1065 3704 cur
1097 3640 1310 3723 praetulerim
1323 3645 1394 3727 ***)

242 3747 403 3811 neminem
427 3746 539 3832 fugere
564 3746 713 3811 arbitror.

348 3927 375 3990 *)
394 3922 552 3993 priorissae
571 3923 657 3991 (utin
672 3921 792 3991 cantico)
812 3922 980 3992 bisyllabnm
1000 3940 1060 3978 esse
1079 3928 1165 3978 cetera
1183 3926 1272 3993 poeta
1291 3928 1395 3994 voluit,

242 4013 273 4065 nt
299 4013 401 4066 altrum
428 4012 612 4081 aliquotiens,
640 4010 675 4066 do
703 4029 758 4080 quo
786 4011 844 4064 dixi
872 4012 973 4081 Opusc.
997 4012 1065 4082 phil.
1085 4011 1111 4066 11
1136 4030 1161 4081 p.
1181 4018 1243 4067 458.
1265 4022 1320 4071 673
1337 4020 1394 4088 sq.'

242 4100 338 4157 Trin.².
376 4101 506 4157 Ceterum
527 4101 560 4154 cf.
581 4098 716 4154 Fleckeis.
737 4116 798 4153 ann.
818 4101 886 4169 phil.
907 4101 1007 4155 XCVII
1026 4103 1117 4169 (1867)
1136 4119 1162 4169 p.
1178 4105 1254 4175 Μὰ]

330 4191 372 4261 ’*)
392 4190 464 4261 [‘De
489 4187 611 4243 iambica
633 4205 765 4242 mensura
786 4190 852 4258 sape
874 4190 951 4245 vocis
974 4207 1025 4245 nec
1045 4189 1155 4245 Crainio
1180 4208 1232 4244 nec
1253 4194 1396 4254 comneno

242 4280 277 4333 de
297 4277 489 4333 enuntiatione
509 4295 532 4333 e.
552 4296 578 4347 q.
598 4295 618 4332 a.
638 4276 650 4330 Ι
670 4296 695 4348 p.
716 4285 767 4332 339
796 4295 847 4332 uec
866 4279 1008 4349 Wagnero
1027 4278 1096 4334 Mus.
1117 4279 1169 4333 Rh.
1190 4280 1271 4338 XXII
1291 4304 1320 4355 p.
1344 4294 1397 4344 425

243 4368 431 4422 credendum)
453 4366 554 4437 Triu']

314 4455 370 4524 W)
389 4457 432 4526 [ln
457 4455 499 4510 od.
519 4454 568 4509 alt.
593 4473 650 4510 non
673 4455 765 4511 tenuit
783 4456 953 4512 Bitschelius
972 4462 1031 4512 tem
1050 4457 1184 4513 hocloco
1203 4464 1397 4535 propositum,
