2992 5004
254 324 319 389 334
540 340 800 390 eronusounuu
826 342 873 389 nn
897 341 1110 391 uurrounsvs

254 486 361 571 empla
383 486 425 550 ab
443 485 574 553 Handio
597 487 728 571 prolata
749 488 892 554 breviter
913 510 1098 574 persequar.
1128 486 1174 552 Et
1192 487 1311 552 Persae
1330 485 1402 572 qni-

254 594 327 658 dem
349 593 405 678 IV,
429 596 464 677 4,
488 595 529 660 87
558 595 695 676 miden
724 594 765 659 ab
789 595 1015 662 Ambrosiano.
1030 594 1116 659 libro
1139 615 1274 679 prorsus
1299 596 1404 678 abest,

254 725 312 786 pro
342 703 496 787 contiguo
527 705 636 766 autem
668 703 790 767 miseret
820 705 945 787 septem
976 702 1159 767 litterarum
1190 704 1298 785 spatia
1327 707 1405 766 sunt

254 832 327 873 eum
351 827 394 874 uu
419 809 561 893 syllaba:
585 809 668 873 unde
692 810 740 874 sie
764 831 877 874 versus
899 809 1133 875 restituendus:

343 935 394 1016 ltu
427 951 458 1014 di
491 951 574 1016 bene
601 936 657 1016 'me
689 954 812 1037 ame‘nt,
845 954 1021 1038 sapienter:
1054 954 1152 1036 sitque
1184 975 1236 1017 me
1266 953 1404 1017 miseret

1107 1065 1226 1126 tamen.

255 1202 359 1267 Stichi
382 1201 424 1286 ΙΙ,
447 1203 482 1286 2,
506 1204 526 1267 5
554 1225 593 1267 ex
621 1202 734 1269 eodem
757 1203 842 1267 libro
866 1225 926 1287 pro
948 1204 1085 1286 equidem
1108 1203 1331 1287 recipiendum
1355 1224 1404 1266 me

142 1347 144 1350 <
254 1311 390 1391 qur'elem,
413 1309 538 1395 reliqua
561 1311 607 1375 sie
629 1311 902 1376 reconcinnanda:

343 1451 428 1517 Nam
452 1474 504 1517 me
527 1453 657 1537 quidem
681 1454 857 1519 miserebat
881 1455 1009 1520 harum:
1032 1438 1122 1539 Ergo
1145 1454 1398 1555 auxiliumprb

1107 1582 1183 1645 pere
1206 1562 1352 1626 latumst.

255 1702 363 1786 Atque
387 1702 485 1767 etiam
505 1702 561 1795 ubi
582 1703 658 1789 lieet
675 1705 810 1786 equdem
829 1727 902 1769 num
922 1705 1027 1789 primu
1045 1726 1185 1788 persona
1203 1708 1399 1786 construere,

255 1814 364 1874 tamen
387 1832 452 1875 non
477 1833 550 1874 raro
574 1812 696 1892 praedem
727 1811 882 1876 substitui
913 1812 1037 1876 codices
1061 1811 1189 1894 iubent,
1222 1816 1259 1874 ut
1283 1810 1398 1874 Persae

254 1915 301 2002 ΙΙ,
327 1920 354 2001 1,
377 1919 417 1981 4:

343 2059 396 2123 Me
425 2049 555 2143 quidem
583 2060 649 2125 iam
680 2065 732 2124 sat
758 2060 818 2124 tibi
848 2062 1028 2145 spectatam
1059 2062 1231 2127 censebam
1262 2082 1332 2125 esse
1362 2063 1395 2124 et

1109 2191 1197 2233 meos
1222 2169 1342 2232 mitres:

255 2310 309 2374 ubi
334 2312 426 2391 [unct]
451 2330 498 2374 me
519 2312 641 2392 quidem
664 2311 695 2374 A
728 2309 794 2393 (cui
827 2311 1025 2395 reliquorum
1058 2332 1184 2395 quoque
1217 2309 1402 2375 emendatio

254 2414 416 2501 debetur),
447 2419 573 2497 [rena]m
595 2418 732 2498 uesieu
756 2416 905 2482 Palatini.
952 2416 1142 2483 Aululariae
1165 2423 1276 2483 autem
1300 2418 1349 2501 ΙΙ,
1376 2420 1404 2501 1,

258 2523 298 2587 18
322 2544 381 2588 nee
404 2525 526 2605 parilem
550 2545 608 2589 nee
631 2523 736 2588 solum
760 2524 897 2606 equidm
919 2523 1027 2616 estin
1050 2523 1158 2608 libris,
1192 2525 1249 2589 sed
1272 2530 1404 2610 praeter

255 2652 366 2695 versus
395 2632 555 2696 rationem
584 2637 610 2696 te
637 2631 788 2713 medua:
821 2630 877 2694 ubi
901 2652 965 2715 que
989 2631 1069 2695 vitio
1093 2635 1133 2710 te,
1165 2632 1277 2696 eodem
1301 2634 1403 2697 etiam

254 2738 439 2821 proximum
462 2759 478 2802 e
500 2737 591 2802 illabi
614 2737 735 2821 potuit,
762 2738 848 2824 quod
876 2737 956 2803 adeo
980 2738 1095 2802 abesse
1118 2738 1160 2802 ab
1184 2738 1258 2803 aliis
1281 2739 1402 2805 codici-

255 2847 315 2911 bus
338 2847 409 2930 ipse
433 2845 582 2911 Handius
606 2844 697 2911 dicit:
854 2847 855 2850 ’

129 3018 254 3057 nxxvur
344 2987 408 3053 Tu:
435 2987 525 3052 Titne
550 2990 612 3054 ais:
642 2987 676 3053 Si
699 2991 801 3074 negas
825 3008 922 3073 nego:
951 2988 1052 3054 Decet
1075 2989 1203 3073 quidem
1228 3011 1306 3054 nera
1329 2993 1404 3073 prt-

1108 3095 1208 3180 loqui.

255 3239 283 3303 Α
308 3244 411 3303 metro
435 3240 610 3324 trisyllaba
633 3239 740 3304 forma
763 3238 925 3322 respuitur
948 3239 1046 3303 etiam
1070 3237 1188 3303 Persae
1211 3236 1268 3322 lv,
1292 3239 1322 3322 3,
1348 3241 1401 3326 76,

256 3346 310 3411 ubi
341 3348 377 3410 e'u
402 3349 444 3427 [et
467 3348 500 3412 in
523 3347 612 3426 edit]
636 3347 758 3429 prorum
780 3346 883 3428 edepol
906 3345 1058 3410 liberalsbt
1080 3345 1297 3410 scribendum:
1322 3348 1402 3412 item

254 3453 456 3539 Men.11‚2,
480 3455 532 3520 35.
569 3453 628 3538 ΙΙΙ,
651 3454 681 3537 3,
705 3455 756 3519 27.
795 3452 877 3519 Rud.
900 3453 959 3559 Ill,
983 3454 1013 3536 5,
1036 3454 1093 3517 47:

366 3597 494 3662 Instnit
516 3596 570 3661 hie
593 3595 722 3679 quidem
746 3596 800 3679 qui
824 3593 894 3680 ipse
918 3593 1084 3660 maledicit
1108 3595 1181 3660 sibi.

366 3704 408 3769 Di
432 3705 483 3769 me'
507 3702 635 3788 quidem
660 3724 770 3766 omnes
796 3701 952 3767 adiuuant
976 3705 1096 3787 augent
1120 3700 1240 3767 amant.

366 3810 455 3877 Haec
479 3800 606 3896 quidem
637 3808 804 3874 Palaestra
828 3811 910 3895 quae
933 3810 1101 3895 respondit
1122 3811 1188 3874 n6n
1212 3814 1326 3875 meast.

256 3955 462 4039 Asperrimos
495 3975 646 4019 numeros
680 3952 782 4016 eiecto
813 3953 950 4033 aarum
982 3952 1204 4018 Hermannuss
1223 3953 1406 4038 perpolivit

257 4061 451 4127 Bacchidum
475 4082 504 4124 v.
527 4061 593 4125 934
618 4059 726 4139 [974]:

367 4203 605 4287 Quadrigentos
642 4201 727 4266 filits
763 4200 876 4284 habet,
912 4205 1010 4286 atque
1047 4201 1153 4266 6mnis
1189 4203 1291 4267 leutos
1329 4202 1402 4271 sine

574 4325 580 4345 ’·
1107 4309 1241 4393 probro:

257 4452 373 4538 quibus
392 4453 523 4534 quidest,
546 4474 612 4517 non
631 4453 776 4533 equidm
800 4446 841 4516 ab
865 4454 1040 4537 interprete
1064 4452 1251 4536 ascriptum.
1283 4451 1406 4521 Persae
