3014 5018
220 331 265 394 90
541 345 797 393 vair-warnere
819 345 884 393 eus
907 343 1050 394 nocuus

290 484 444 556 linquenda
466 484 616 552 iudicavit;
641 485 741 541 deinde
767 485 898 556 graviora
922 485 952 542 et
977 500 1049 557 quae
1074 485 1111 540 ad
1136 485 1209 542 bene
1232 485 1375 556 beateque

292 574 442 630 vivendum
460 575 604 644 pertinent
626 575 793 644 inquirenda
810 574 965 645 proposuit.
1002 574 1058 630 Sed
1076 591 1139 630 oum
1159 573 1195 629 ad
1214 591 1312 631 verum
1331 576 1375 631 in·

290 663 459 720 veniendum
479 665 585 734 optimo
598 664 670 720 duce
685 681 754 734 opus
773 664 818 733 sit,
837 681 871 720 ex
889 663 1018 722 erunibus
1035 664 1271 735 philosophorum
1289 664 1376 720 iami-

293 753 340 809 liis
359 753 535 809 academicos
554 756 689 824 tanquam
708 753 920 810 excellentiores
939 753 1054 824 delegit.
1083 752 1189 813 Verum
1204 771 1269 811 cum
1282 770 1378 824 neque

291 858 380 913 nugas
394 843 534 913 omittere,
553 861 644 914 neque
662 843 736 900 seria
753 860 917 914 proponere,
935 843 1080 914 nequead
1098 842 1150 901 illa
1168 846 1250 904 recta
1262 843 1376 906 ratione

294 932 427 1002 progredi
449 933 518 988 satis
541 933 591 1002 sit,
614 932 669 988 nisi
692 933 790 989 eodem
810 932 1036 988 ardentissimum
1056 931 1188 1002 studium,
1208 950 1264 1003 quo
1284 934 1376 989 omnis

290 1021 419 1077 socordia
436 1024 623 1092 removeatur,
641 1021 798 1078 accesserit.
835 1021 937 1077 iccirco
956 1020 1045 1076 tribus
1064 1020 1267 1077 efficacissimis
1282 1023 1370 1092 aptis·

297 1110 430 1182 simisque
457 1112 712 1182 comparationibus
735 1113 840 1180 quanto
867 1109 954 1165 animi
973 1110 1072 1166 ardore
1090 1112 1161 1167 haec
1186 1113 1376 1182 prosequatur

293 1200 363 1255 mire
383 1200 554 1270 exprimit.*)

220 1307 247 1343 v.
262 1295 306 1347 28.
324 1289 452 1359 Lynceus
471 1291 555 1345 homo
569 1293 628 1345 ium
643 1293 720 1346 certe
738 1289 882 1344 oculorum
901 1287 961 1343 acie
979 1306 1045 1344 usus
1064 1291 1108 1345 est
1126 1292 1242 1346 auctore
1257 1290 1374 1346 Valerio

290 1378 319 1432 in
341 1376 426 1433 titulo
445 1377 480 1433 de
498 1379 640 1435 miraculis
656 1379 690 1451 [i,
710 1385 735 1448 8,
756 1379 891 1450 ext.14],
914 1379 947 1433 ut
969 1376 998 1433 in
1022 1378 1132 1434 Lilibeo
1154 1382 1239 1450 portu
1259 1375 1374 1435 Siciliae

289 1468 365 1522 stans
380 1465 643 1538 Carthaginensium
664 1466 842 1539 egredientes
868 1466 972 1523 classes
985 1466 1149 1524 intueretur.
1175 1468 1256 1523 Vnde
1276 1467 1373 1523 Lincei

290 1555 366 1611 oculi
387 1554 432 1609 illi
450 1556 579 1611 acerrimi
598 1559 627 1613 et
645 1555 800 1613 acutissimi
818 1555 956 1611 dicuntur.
981 1555 1093 1611 Solinus
1111 1558 1207 1612 tamen
1225 1558 1302 1613 hunc
1317 1574 1373 1612 non

290 1646 441 1717 Lynceum,
460 1645 509 1701 sed
529 1645 694 1701 Strabonem
713 1645 889 1702 nominatum
908 1645 993 1702 fuisse
1012 1646 1116 1702 scribit.
1285 1700 1286 1703 ,

217 1754 242 1792 v.
258 1741 301 1790 31.
321 1733 459 1806 chiragra
477 1736 591 1791 morbus
605 1738 649 1791 est
663 1753 762 1791 manus
777 1751 916 1805 occupans
930 1737 960 1791 et
973 1735 1139 1790 contrahens
1153 1735 1227 1792 sicut
1240 1736 1369 1806 podagra

288 1824 394 1894 pedes;
420 1826 495 1881 hauc
522 1826 658 1882 nodosam
688 1828 780 1882 vocat.
826 1825 900 1880 Nam
928 1842 991 1880 oum
1018 1824 1184 1881 internodiis
1213 1824 1370 1895 digitorum

292 1913 412 1970 crassior
429 1914 529 1970 humor
546 1916 736 1983 cohaerescat,
755 1914 892 1985 turgescit
910 1915 988 1970 locus
1006 1916 1141 1983 tanquam
1155 1913 1223 1969 nodi
1242 1913 1372 1983 lapillire

289 2001 382 2058 insint.
424 2004 504 2059 Vnde
532 2004 604 2059 illud
630 2005 795 2060 Persianum
822 2004 865 2075 [5,
890 2009 923 2058 58
947 2003 1016 2074 sq.]=
1046 2002 1118 2059 ‘Sed
1146 2020 1210 2058 curn
1241 2001 1373 2073 lapidosa

294 2091 424 2162 chiragra
440 2096 444 2162 Ι
460 2093 576 2164 fregerit
594 2094 798 2161 articulos.’**)

216 2215 241 2251 v.
262 2202 304 2253 87.
325 2199 434 2254 Allusio
444 2203 488 2256 est
501 2199 537 2254 ad
551 2201 728 2270 sacrificium,
742 2200 771 2254 in
786 2217 841 2270 quo
855 2201 965 2254 veteres
978 2215 1095 2255 numero
1108 2199 1232 2255 ternario
1247 2200 1370 2255 maxime

235 2290 240 2301 ‘
289 2286 451 2356 utebantur,
479 2290 556 2360 qued
579 2290 654 2346 isin
677 2289 780 2345 divinis
804 2289 945 2360 perfectus
970 2290 1015 2344 sit.
1052 2288 1194 2359 Vergilius
1212 2287 1243 2343 in
1260 2287 1370 2345 ludicro

291 2376 424 2432 Bucolico
453 2381 570 2452 [8,'13]:
602 2381 712 2435 ‘Terra
734 2380 786 2435 tibi
809 2381 879 2435 haec
902 2378 1023 2450 primum
1049 2376 1155 2447 triplici
1184 2377 1299 2434 diversa
1325 2394 1372 2434 co-

290 2465 348 2521 lore
369 2469 373 2536 1
394 2467 468 2522 Lilia
487 2468 642 2538 circumdo,
661 2471 758 2538 terque
782 2468 852 2523 haec
871 2466 973 2537 altaria
991 2465 1096 2520 circum
1113 2469 1117 2534 Ι
1134 2464 1263 2538 Effigiem
1284 2466 1371 2522 duco:

292 2571 409 2611 numero
427 2556 496 2612 deus
515 2558 621 2629 impare
639 2557 831 2627 gaudet.’***)

220 2661 245 2699 ι.
266 2650 308 2697 41.
337 2644 441 2716 Incipit
462 2645 520 2700 iam
543 2645 690 2701 instituere
714 2646 818 2700 bonum
840 2644 931 2700 virum
954 2645 1051 2714 poete,
1078 2642 1156 2699 cuius
1180 2643 1305 2699 officium
1328 2649 1373 2702 est

281 2732 387 2802 'fugere
406 2735 476 2788 vitia
493 2736 523 2789 et
541 2733 675 2805 ampiecti
692 2733 820 2789 virtutes.
850 2733 982 2801 Quemvis
996 2732 1070 2787 enim
1089 2731 1179 2805 virtus
1199 2732 1237 2787 sit
1250 2733 1369 2790 habitus
1424 2743 1426 2747 ’

290 2822 385 2876 firmus
404 2822 434 2878 iu
452 2822 561 2879 ratione
574 2823 646 2879 bene
660 2825 799 2894 susceptu,
817 2825 921 2891 tamen,
936 2822 1067 2891 quoniam
1081 2840 1137 2878 uon
1151 2824 1247 2892 potest
1264 2823 1372 2880 intrare

288 2912 421 2982 animum,
444 2911 499 2966 uisi
517 2912 616 2967 vitium
640 2912 667 2967 ei
692 2911 862 2968 contrarium
888 2911 964 2982 prins
981 2912 1173 2979 removeatur,
1192 2911 1258 2965 hinc
1277 2911 1372 2980 ipsam

287 3001 419 3057 vitiorum
437 3001 534 3071 fugam
553 3002 665 3058 initium
683 3001 794 3057 virtutis
813 3016 874 3057 esse
892 3000 1005 3070 dicit.†)

218 3109 243 3147 v.
264 3098 306 3145 45.
331 3091 433 3147 Sensus
456 3091 625 3147 Horatianus
649 3093 693 3147 est
715 3091 782 3146 iste:
809 3090 839 3146 si
862 3090 989 3145 omnibus
1012 3088 1145 3160 perieulis
1169 3088 1371 3159 laboribusque

287 3178 498 3250 navigationem
523 3184 601 3236 tuam
632 3179 667 3234 ad
694 3180 776 3235 ludos
805 3196 892 3249 usque
920 3179 1059 3248 instituis,
1089 3179 1143 3233 hac
1171 3178 1233 3234 sola
1257 3179 1371 3237 ratione

286 3271 387 3337 motus,
407 3272 439 3324 ut
456 3270 652 3339 paupertatem
671 3285 743 3338 quae
761 3270 837 3323 mala
854 3285 911 3323 non
930 3270 973 3324 est
991 3268 1097 3339 fugias,
1117 3267 1207 3323 multo
1230 3269 1320 3339 magis
1338 3270 1371 3325 iu

288 3359 339 3413 tue
361 3357 456 3427 patria
482 3357 541 3424 sine
565 3358 690 3428 periculo
714 3359 744 3414 et
769 3359 864 3413 labore
890 3357 995 3412 discere
1023 3357 1052 3411 et
1079 3354 1175 3411 audire
1205 3357 1306 3427 debes,
1336 3362 1372 3414 ut

286 3444 393 3516 pariter
415 3449 446 3501 et
467 3446 623 3503 rationibus
648 3446 747 3502 doctus
773 3448 802 3502 et
825 3445 1103 3500 auctoritatemotus
1122 3461 1247 3515 eaquae
1266 3447 1372 3517 vulgus

286 3536 406 3591 miratur
423 3535 513 3592 vitare
531 3537 628 3608 possis.

215 3643 241 3680 ι.
260 3631 302 3681 52.
327 3625 418 3681 Causa
437 3643 524 3695 quare
544 3625 658 3682 diuitias
677 3625 775 3682 virtuti
793 3628 933 3696 proponat
951 3626 1098 3693 mercator,
1122 3624 1193 3679 haec
1212 3626 1263 3696 est,
1290 3627 1369 3695 quod

286 3716 347 3786 ipse
365 3715 455 3786 pluris
474 3732 522 3772 eas
541 3733 575 3772 er
593 3717 670 3788 vulgi
690 3716 821 3788 opinione
839 3713 927 3770 faciet
945 3731 1029 3784 quem
1047 3713 1183 3770 virtutem
1200 3712 1301 3784 ipsam.

214 3823 241 3861 r.
260 3812 302 3861 56.
322 3805 431 3861 Alledit
450 3805 486 3860 ad
504 3807 561 3861 tres
579 3806 640 3861 Iani
660 3808 776 3875 statuas,
796 3805 832 3859 ed
849 3821 967 3874 quarum
980 3804 1103 3860 mediam
1118 3803 1242 3858 marisia
1259 3803 1371 3861 fiebant

285 3894 494 3965 negotiatorum
516 3896 697 3965 commercia,
722 3896 770 3966 qui
794 3911 889 3951 omnes
913 3912 968 3950 uno
992 3911 1038 3950 ore
1061 3894 1104 3950 ita
1126 3893 1299 3949 clamabant:
1329 3894 1368 3951 ‘0

286 3984 360 4039 cives
379 3985 453 4041 cives
472 3986 616 4055 querenda
633 3985 762 4056 pecuniu’
783 3986 835 4040 etc.

305 4197 331 4267 *)
349 4198 415 4255 Dies
432 4199 502 4254 alles
520 4217 570 4255 aus
589 4199 781 4256 Mancinellue.

242 4345 248 4356 ,
288 4285 329 4355 **)
349 4287 430 4344 Diese
449 4288 628 4359 Bemerlruq
647 4307 701 4344 von
721 4286 806 4342 ‘Nam
825 4288 901 4342 cum'
923 4304 959 4344 au
977 4286 1108 4345 wortlioh
1126 4303 1177 4342 aus
1196 4288 1314 4343 Landiu.

268 4373 328 4443 ***)
347 4375 431 4431 Diese
450 4376 628 4447 Bemerkung
645 4377 701 4433 fast
718 4375 848 4432 wdrtlich
867 4393 917 4430 eus
936 4375 1054 4431 Laudic.

305 4469 334 4534 †)
353 4464 435 4520 Diese
454 4466 633 4539 Bemerkung
650 4484 704 4524 von
725 4465 882 4535 ‘Quamvis’
903 4482 940 4523 an
958 4465 1088 4523 wortlich
1106 4483 1156 4524 aus
1174 4466 1291 4524 Laudin.
