2986 5010
406 354 671 403 annnnfflonrs
694 354 902 400 canv'rrnsn.
1161 336 1226 401 403

170 496 221 563 Ne
244 496 416 581 exprobra,
442 473 549 581 pater:
581 497 684 562 mdlts
709 496 867 562 eueniunt
886 495 1025 580 homini,
1053 517 1134 581 quae
1157 497 1228 560 uolt

935 605 1016 687 quae
1039 603 1160 669 ncuolt

83 745 227 824 Quorum
251 746 356 829 primo
380 746 486 811 deleto
509 768 557 811 mc
580 750 748 830 autpater
770 746 907 810 liciam
930 745 1060 826 offerrdct
1083 749 1139 810 aut
1161 746 1227 809 iam

80 853 131 917 lio
152 853 245 936 poter
273 853 405 934 offendet
430 855 533 920 scribe
544 851 589 941 *):
622 854 723 919 altero
748 855 797 919 vel
826 853 880 917 Ne'
891 857 984 936 poter
1005 853 1227 936 ocoritddincm

82 960 138 1024 tor·
165 960 242 1025 licet
269 961 321 1025 rel
349 961 451 1025 lenius
479 961 529 1026 Nc
556 961 780 1044 ac'qrttwlindot
808 961 864 1025 toi
884 965 977 1043 poter
1004 963 1227 1045 transponere,

81 1068 132 1133 vel
160 1068 340 1134 rectissime
369 1069 513 1135 omnium
536 1069 586 1134 Ne
613 1069 835 1151 aelyritudioc'm
852 1072 944 1150 poter
967 1065 1097 1153 titi**):
1130 1067 1226 1132 tertio

81 1175 133 1241 rel
154 1179 248 1258 poter
274 1174 394 1239 homini
420 1177 565 1240 eueniunt
591 1175 691 1240 riccilto
718 1175 769 1239 vel
798 1174 966 1259 aliquanto
990 1177 1022 1238 et
1046 1175 1170 1260 gratim
1194 1178 1227 1239 et

82 1282 259 1348 modestius
284 1282 377 1365 poter
404 1284 504 1348 oculto
532 1282 652 1347 tarnim
680 1283 837 1347 mitent.
882 1281 1021 1346 Restant
1049 1280 1112 1346 duo
1144 1281 1227 1346 sola:

82 1412 165 1476 quae
184 1412 250 1454 non
269 1391 407 1473 possunt
424 1411 501 1454 sanc
521 1389 633 1454 eedem
651 1390 778 1454 ratione
796 1389 920 1453 incerta
939 1388 1012 1472 dici,
1030 1387 1227 1454 Bacchidum

81 1495 142 1581 ΙΙΙ,
166 1498 196 1580 6,
220 1497 240 1560 3
264 1499 297 1560 et
320 1494 378 1578 Ill,
402 1497 431 1581 2,
455 1496 591 1582 20***):

705 1564 719 1598 U

151 1656 213 1723 scd
237 1655 367 1721 neniam
390 1655 469 1721 mihi
493 1658 589 1742 quim
613 1661 748 1742 grauate
770 1645 861 1740 priter
885 1655 975 1721 dedit
998 1656 1036 1721 de
1060 1655 1227 1741 Chry‘salo.

148 1754 281 1831 Pdtrem
304 1764 424 1830 sodalis
448 1766 482 1828 et
499 1765 702 1849 magistrum.
725 1763 801 1829 hinc
820 1763 1021 1848 adscultabo,
1044 1766 1141 1849 quim
1159 1787 1227 1829 rem

937 1873 1045 1955 agant.

82 2014 217 2080 Hiscine
241 2014 343 2100 igitur
367 2013 492 2079 dnobus
516 2013 661 2079 versibus
684 2014 717 2078 id
741 2012 862 2078 factum
887 2034 957 2077 esse
979 2018 1108 2097 praeter
1130 2014 1227 2079 ratio-

82 2145 158 2187 nem
182 2120 357 2205 credemus,
380 2122 465 2206 quod
488 2122 523 2185 in
547 2121 704 2206 exemplis
728 2142 786 2205 per
809 2120 925 2206 viginti
948 2120 1078 2186 fabulas
1100 2121 1229 2186 circiter

83 2229 270 2314 quingentis
289 2228 412 2294 factum
432 2229 475 2294 sit
493 2231 662 2313 praeterea
682 2228 881 2313 numquam?
905 2231 1000 2312 atque
1019 2227 1052 2292 id
1070 2228 1104 2292 in
1123 2229 1227 2312 primo

83 2357 123 2400 ne
147 2335 188 2401 ab
212 2335 306 2403 initio
331 2336 460 2421 quidem
483 2357 609 2419 versus,
637 2335 671 2400 in
701 2336 804 2400 altero
828 2333 934 2420 magis
957 2335 1056 2399 etiam
1079 2340 1229 2420 suspecta

83 2440 243 2526 ecthlipsi‚
264 2442 350 2526 quod
369 2465 389 2507 a
407 2442 531 2507 duabus
551 2442 804 2508 consonantibus
825 2441 929 2507 altera
948 2441 1076 2526 syllaba
1094 2442 1228 2526 incipit?

83 2547 202 2615 Credat
233 2550 290 2633 qni
321 2549 450 2634 poterit
495 2549 541 2614 Et
573 2550 621 2614 illi
653 2550 782 2635 quidem
814 2549 919 2614 versui
954 2551 1006 2613 sat
1038 2548 1228 2613 concinnam

82 2655 223 2740 speciem
246 2656 312 2719 ianr
336 2654 541 2720 Hermannns
564 2655 722 2719 restitnit:

172 2798 234 2864 Sed
257 2798 312 2863 ille
335 2798 464 2863 ueniam
487 2798 583 2882 quam
607 2801 742 2882 grauate
764 2795 850 2861 mihi
874 2796 963 2861 dedit
985 2796 1024 2862 de
1047 2796 1220 2880 Ohry'salo:

84 2943 223 3009 alterum
247 2943 315 3008 fors
338 2942 408 3007 fuat
430 2964 472 3006 an
495 2944 592 3025 poeta
616 2941 661 3004 sic
684 2937 820 3004 dederit:

172 3074 237 3151 Mti
260 3089 388 3170 patrem
411 3082 532 3149 soddlis
556 3088 590 3147 et
612 3080 816 3167 magistrum.
854 3082 1015 3166 ausculto,
1037 3083 1135 3168 qnam
1158 3106 1228 3149 rem
1243 3051 1317 3148 dm

877 3270 880 3278 Ι
937 3194 1046 3275 agant

83 3302 253 3367 Postremo
276 3297 483 3366 Phormionis
506 3295 562 3381 IV,
585 3295 617 3380 2,
642 3296 696 3361 ll:

172 3444 271 3509 Pater
292 3444 393 3509 uenit.
439 3440 495 3507 sed
519 3440 596 3528 quid
619 3438 773 3523 pertimui
796 3442 906 3503 autem
931 3437 1030 3502 belua

85 3609 162 3652 non·
183 3586 295 3651 dubito
329 3586 407 3671 quin
439 3589 495 3651 aut
517 3585 571 3651 sed
598 3587 655 3648 aut
682 3586 785 3647 auton
811 3581 972 3665 particula
999 3580 1106 3645 deleta
1135 3580 1231 3645 Pole‘r

83 3694 172 3759 cinit
193 3691 468 3778 pronuntiandum
494 3692 545 3756 sit.

85 3839 298 3847 ————-—-——

191 3921 217 3992 *)
237 3922 322 3996 [nomv
336 3922 393 3977 iem
416 3920 461 3976 oe
483 3921 599 3990 offendet
623 3915 738 3974 ‘deletis
762 3917 957 3988 glossematis'
977 3916 1007 3972 in
1026 3914 1149 3972 editione
1168 3913 1230 3968 Rit-

84 4013 206 4068 schclius
225 4012 324 4084 dedit]

173 4102 215 4171 **)
235 4102 258 4173 [‘
266 4101 327 4157 Etsi
350 4101 461 4156 veniam
483 4098 571 4154 hebet
594 4099 752 4167 correptum
772 4100 855 4164 pater
879 4096 917 4163 (h.
937 4112 960 4150 e.
976 4099 1050 4166 pote’
1069 4111 1126 4150 non
1141 4096 1230 4164 potr),

83 4195 116 4248 ut
133 4210 160 4247 v.
179 4198 240 4259 361,
258 4193 355 4247 tamen
372 4189 467 4246 nescio
485 4207 522 4244 an
540 4186 639 4255 lenius,
659 4204 723 4242 cnm
741 4188 836 4256 posset
853 4185 1068 4256 simplicissime,
1088 4182 1232 4253 scripserit

84 4282 171 4352 poeta
188 4280 264 4350 qnod
283 4279 351 4336 olim
368 4280 463 4350 poeni,
490 4278 520 4334 id
544 4276 620 4348 quod
638 4276 701 4347 ipsa
719 4275 904 4331 collocatione
924 4275 1072 4331 verborurir
1090 4289 1230 4330 commen·

84 4369 147 4426 dari
165 4370 296 4426 ridetur?
317 4369 419 4442 Trin.¹]

157 4459 213 4531 m)
235 4458 287 4531 [cf.
307 4460 407 4529 Opusc.
427 4458 496 4530 phil.
516 4458 555 4513 lV
573 4476 601 4529 p.
619 4462 672 4513 404
691 4456 798 4527 annot]

965 4540 1016 4598 26*
