2940 5004
248 339 314 403 526
428 419 431 426 ¹
537 354 795 402 rennuentem
818 353 865 399 nn
891 350 1100 400 nnmonrnvs

249 499 358 563 dedita
381 519 479 582 opera
502 499 650 562 effectum
677 497 852 581 imitando,
879 496 1066 561 certissimis
1090 500 1173 579 puto
1198 495 1399 579 argumentis

249 606 404 691 intellegi.
449 604 546 670 Mitto
573 628 665 691 nunc⁴
681 609 789 670 cetera
811 607 845 668 et
868 605 900 668 in
926 602 1052 668 duobus
1076 604 1241 685 subsisto,
1266 623 1397 687 qnorum

249 714 387 777 alterum
416 714 555 797 septimo
585 713 714 780 saeculo
743 734 814 777 esse
838 712 1017 795 antiquius,
1045 711 1190 775 alterum
1216 710 1335 775 ecdem
1357 732 1400 772 re-

249 820 373 884 centius
403 819 571 884 contendo.
623 819 796 883 Recentior
826 822 877 883 est
906 818 1045 883 nominis
1078 817 1187 882 forma
1219 816 1399 897 Pseudolus,

248 948 330 1010 quae
362 948 403 990 ne
420 926 547 1013 ,rationi
571 927 701 1010 quidem
724 927 791 990 ullo
816 926 911 991 modo
935 930 985 990 est
1007 926 1218 992 conveniens:
1249 947 1311 1008 pro
1340 945 1399 1008 qua

249 1034 401 1118 antiquus
429 1036 527 1116 poeta
553 1054 620 1098 non
648 1038 779 1118 poterat
805 1056 872 1097 non
895 1033 1068 1099 Pseudulus
1092 1054 1228 1117 ponere,
1259 1031 1347 1116 quod
1370 1034 1399 1093 et

248 1141 350 1207 Nonii
373 1141 450 1205 libri
474 1144 661 1205 constanter
683 1144 855 1225 testantur,
879 1142 980 1206 etiam
1004 1142 1037 1205 in
1060 1139 1221 1205 Varronis
1246 1138 1398 1204 Pseudulo

248 1249 403 1332 Apolline,
421 1251 455 1311 et
468 1246 599 1313 Servius
620 1249 762 1314 servavit
781 1249 814 1312 et
833 1248 899 1311 alia
917 1245 1152 1331 confirmant*)
1186 1245 1396 1311 Contrarium

123 1379 235 1419 cccxrx
250 1355 317 1420 vim
344 1354 444 1419 habet
472 1355 505 1418 in
529 1354 778 1438 Amphitruonis
807 1359 1000 1439 argumento
1024 1354 1185 1419 admissus
1210 1354 1398 1418 Alcumenas

248 1463 432 1546 genetivus,
460 1461 624 1546 profectus
654 1462 708 1526 ille
739 1484 757 1525 e
786 1462 991 1546 grammatici
1024 1461 1206 1525 eruditione
1239 1462 1297 1545 qui
1332 1483 1396 1524 eam

248 1568 387 1633 formam
411 1570 537 1653 priscae
560 1570 735 1635 latinitatis
764 1570 928 1653 propriam
951 1569 1052 1634 fuisse
1075 1572 1195 1634 nosset
1245 1567 1343 1645 Quod
1364 1574 1396 1631 ut

249 1675 465 1740 certissimum
493 1681 555 1759 est,
583 1677 630 1741 ita
658 1699 723 1742 non
752 1678 858 1742 minus
882 1680 1005 1740 certum
1027 1675 1089 1739 hoc
1112 1680 1171 1757 est,
1196 1677 1263 1740 iam
1291 1675 1395 1740 Plauti

249 1789 355 1848 aetate
384 1785 434 1848 vel
462 1787 547 1847 certe
575 1785 610 1847 in
638 1784 718 1848 artis
746 1803 862 1867 genere
886 1782 1037 1848 Plautino
1065 1783 1152 1846 illius
1181 1783 1345 1867 genetivi,
1372 1785 1396 1847 si

249 1892 290 1954 ab
321 1913 384 1955 uno
413 1891 556 1971 somlllus
584 1891 770 1972 recesseris,
801 1913 894 1955 usum
924 1912 1055 1974 prorsus
1086 1890 1236 1970 desiisse,
1270 1895 1310 1955 ut
1336 1892 1396 1954 iarn

249 2019 278 2080 p.
304 2015 412 2060 enum
438 1997 530 2077 [389]
556 2001 664 2062 annot.
688 1997 879 2082 significavi.
925 1995 1024 2061 Cuius
1053 2019 1125 2061 cnm
1153 2019 1215 2061 nec
1243 1999 1280 2062 in
1310 1998 1397 2062 libris

249 2126 325 2167 mss.
339 2104 440 2167 ullum
456 2101 600 2187 (praeter
620 2125 721 2167 unum
742 2103 835 2168 valde
852 2104 985 2168 dubium
1004 2101 1203 2188 exemplum)
1222 2105 1397 2189 vestigium

249 2215 363 2293 exstet,
386 2211 436 2274 vel
460 2210 544 2276 hanc
568 2211 610 2274 ob
634 2232 781 2274 caussam
800 2209 1028 2275 Lachmannus
1047 2208 1135 2274 credi
1153 2209 1272 2293 nequit
1292 2209 1397 2275 Plauti

249 2338 380 2380 manum
405 2318 523 2402 Amph.
546 2317 605 2402 III,
632 2321 658 2400 1,
685 2318 724 2382 12
747 2317 810 2382 hac
832 2318 1029 2382 correctione
1053 2321 1223 2382 assecutus
1248 2341 1335 2383 esse:

432 2458 466 2523 Si
490 2460 523 2524 id
547 2462 743 2525 Alcumenas
767 2461 970 2526 innocentiae
994 2458 1193 2545 expetat.**)

250 2598 311 2664 Sed
335 2604 372 2664 nt
395 2603 462 2666 sint
489 2624 567 2667 sane
591 2604 763 2668 acrostichi
788 2626 898 2669 versus
921 2605 968 2668 illi
993 2604 1119 2687 aliquot
1141 2605 1219 2686 post
1244 2601 1398 2668 Plautum

250 2708 385 2772 saeculis
419 2708 510 2774 facti:
543 2710 622 2776 haec
649 2712 721 2795 ipsa
748 2711 988 2776 Antoninorum
1020 2714 1110 2773 aetas
1143 2713 1275 2774 tantum
1310 2712 1400 2775 abest

248 2820 285 2880 nt
318 2816 399 2881 artis
435 2818 599 2902 imperitia
633 2819 792 2883 laborarit
828 2818 879 2884 vel
916 2817 1088 2883 indulserit
1121 2817 1184 2881 sibi
1217 2823 1399 2884 metrorum

249 2924 505 3011 neglegentiam,
538 2932 574 2991 ut
601 2925 699 2991 solita
725 2926 760 2990 in
792 2925 1013 2990 imitatoribus
1046 2923 1219 3007 diligentia
1254 2930 1398 2989 veterum

249 3033 432 3115 exemplum
456 3033 663 3117 expresserit:
691 3032 724 3096 id
752 3032 838 3116 quod
865 3054 968 3115 nuper
995 3032 1123 3095 demum
1148 3030 1230 3093 satis
1256 3032 1399 3116 eleganti

248 3135 292 3199 M.
323 3135 495 3221 Pomponii
528 3139 656 3203 Bassuli
690 3138 788 3202 titulo
826 3140 929 3203 denuo
964 3138 1163 3203 intellectum
1197 3141 1265 3222 est,
1304 3161 1399 3223 quem

249 3245 415 3325 prooemio
449 3244 550 3310 schol.
577 3244 644 3309 hib.
673 3243 776 3308 Bonn.
804 3268 831 3308 a.
860 3261 1168 3311 crolocccxxxxvn
1197 3245 1257 3324 [=
1283 3244 1399 3331 Opusc

249 3348 328 3431 phil.
345 3348 392 3412 IV
417 3372 446 3433 p.
468 3353 508 3414 16
520 3353 603 3434 sqq.]
628 3351 859 3415 enarravimus.
895 3354 1009 3437 Apage
1033 3352 1133 3436 igitur
1156 3351 1292 3417 illorum
1316 3355 1398 3419 iner-

249 3455 340 3540 tiam,
364 3458 420 3540 qni
445 3458 530 3541 quod
550 3458 584 3521 in
603 3457 719 3522 Plauto
739 3459 792 3523 vix
812 3458 878 3522 sint
896 3459 1074 3542 toleraturi,
1099 3458 1265 3541 imputare
1289 3465 1400 3526 tamen

249 3564 449 3648 argumentis
465 3564 624 3629 Plautinis
642 3587 708 3629 non
729 3570 908 3630 vereantur.
945 3565 1046 3631 Velut
1063 3589 1135 3631 cum
1154 3565 1277 3632 horum
1300 3571 1400 3654 scrip·

249 3675 352 3734 torem
383 3671 444 3736 sibi
472 3671 668 3755 persuadent
694 3671 822 3735 hiatum
850 3672 885 3735 in
915 3695 1049 3738 caesura
1078 3672 1265 3756 legitimum
1296 3654 1401 3741 babu-

248 3775 400 3864 isse”*):
420 3778 548 3861 qualem
567 3777 692 3842 hiatum
711 3778 820 3843 nullus
839 3801 994 3864 umquam
1013 3783 1110 3863 poeta
1128 3779 1192 3843 fuit
1211 3776 1296 3866 (nisi
1316 3783 1401 3849 forte

249 3883 392 3949 labantis
423 3884 611 3970 latinitatis)
641 3885 696 3969 qui
727 3886 876 3951 consulto
908 3891 940 3950 et
969 3892 1135 3969 tamquam
1167 3886 1206 3950 de
1241 3889 1318 3975 lege
1351 3891 1402 3955 ad·

250 3993 400 4057 mitteret
437 3992 540 4068 Quem
564 3993 679 4057 sinon
702 4015 777 4058 raro
800 3993 877 4057 libri
900 4015 976 4058 mss.
1000 3993 1250 4091 exhibentpon
1276 3997 1404 4063 faciunt

250 4099 337 4164 aliud
360 4100 426 4165 nisi
453 4099 539 4185 quod
567 4099 681 4185 quovis
704 4120 821 4185 genere
844 4101 1048 4186 corruptelae
1071 4123 1145 4167 cum
1169 4101 1204 4164 in
1227 4102 1284 4169 his
1310 4128 1405 4193 argu·

303 4472 359 4541 err)
380 4473 433 4544 [012
453 4473 554 4541 Opusc.
574 4472 643 4542 phil.
663 4473 688 4525 ll
708 4491 735 4542 p.
755 4474 873 4544 416841]
