2986 5010
428 355 690 402 susunsmonrs
714 354 924 402 PLAVTINAE.
1184 338 1249 403 395

101 522 216 564 vorum
245 520 373 564 versum
402 496 447 582 ll,
475 499 506 582 2,
528 499 572 563 93
600 498 672 583 quis
701 497 809 563 credet
838 521 857 563 a
880 502 997 582 poetae
1025 520 1124 563 manu
1150 498 1249 562 talem

101 605 275 690 prodiisse:

192 713 255 790 Qui
274 717 332 778 tua
350 735 432 797 quae
450 716 487 778 tu
507 714 632 778 miseris
652 712 806 779 mandata
824 713 871 778 ita
885 718 922 778 ut
934 714 1013 778 uelis
1026 712 1169 797 perierat
1184 712 1249 776 —?

104 819 169 885 Vbi
197 842 270 885 cum
298 820 333 884 in
360 820 395 884 B
422 842 487 885 non
515 821 641 904 miseris
665 822 722 906 sit,
754 820 810 886 sed
839 820 968 905 iusseris,
997 820 1168 903 probabile
1200 823 1250 884 est

102 927 273 1012 scripsisse
296 927 449 992 Plautum

175 1032 257 1125 ‚Qus
277 1037 349 1118 tua,
372 1057 453 1119 quae
476 1033 590 1119 iussis,
614 1037 768 1119 mandata
790 1038 847 1120 ita,
869 1039 907 1100 ut
929 1035 1021 1114 uelis,
1045 1034 1074 1099 ei
1097 1034 1250 1118 pe'rferat,

102 1141 174 1207 coll.
201 1140 248 1224 II,
275 1142 306 1225 3,
336 1142 384 1206 ll.
430 1139 634 1208 Cistellariae
666 1148 775 1208 autem
803 1143 832 1225 I,
859 1145 890 1225 l,
919 1143 960 1206 47
986 1142 1072 1226 quis,
1102 1141 1249 1226 nisi·qui

102 1248 324 1333 ignorantiam
348 1249 465 1333 prodat
488 1272 589 1333 suam,
614 1251 709 1316 aliter
733 1274 830 1336 quam
855 1252 902 1315 sic
925 1248 1125 1314 dimetietur:

192 1354 377 1439 Necessest,
402 1377 465 1441 quo
490 1362 525 1422 tu
548 1359 600 1422 me
624 1357 719 1422 modo
742 1359 825 1423 scobs
848 1379 932 1441 esse,
955 1355 1003 1421 ita
1026 1378 1109 1440 esse,
1133 1359 1249 1421 mater:

101 1460 159 1525 ubi
186 1460 318 1525 minime
341 1466 489 1545 praestat
515 1466 598 1530 ucles
620 1467 708 1531 atocio
731 1470 952 1548 transponere.
999 1461 1122 1529 Contra
1144 1467 1249 1528 trans-

100 1567 242 1652 ponendi
264 1590 329 1632 non
348 1571 514 1653 pauciores
534 1594 632 1657 quam
651 1572 792 1658 quinque
811 1571 881 1636 viae
901 1575 1017 1655 patent
1036 1572 1070 1635 in
1088 1569 1206 1637 Bacch.
1224 1570 1249 1650 I,

105 1677 134 1758 l,
158 1674 202 1739 50
225 1674 332 1740 verbis
363 1676 424 1742 Vbi
447 1683 480 1743 tu
503 1679 599 1760 lepide
620 1679 702 1745 uoles
724 1698 786 1744 esse
808 1679 876 1743 tabi:

314 1775 381 1868 libi
403 1803 494 1867 uoles
518 1807 554 1867 tu
576 1802 682 1887 le'pide
706 1824 776 1868 esec
799 1801 876 1866 tibi:

235 1999 237 2001 .
316 1902 382 1992 Vbi
406 1927 497 1992 uoles
519 1931 556 1992 tu
580 1929 650 1992 esse
673 1927 734 1992 tibi
757 1926 876 2011 lepide:

317 2026 383 2117 ibi
406 2053 496 2117 uoles
519 2056 556 2117 tu
579 2049 642 2117 tibi
666 2074 735 2117 esse
758 2050 875 2136 lepide:

314 2151 815 2263 mmmmme
1263 2217 1299 2257 0,

316 2276 812 2387 mmmmmmm

102 2406 148 2472 Et
179 2407 333 2490 quoniam
361 2408 504 2473 eiusdem
532 2409 579 2473 rei
607 2409 673 2474 alia
701 2409 848 2493 exempla
876 2431 895 2473 a
922 2406 1038 2473 Wasio
1067 2430 1097 2491 p.
1123 2404 1187 2471 195
1201 2427 1248 2490 sq.

104 2527 315 2543 --..-.A—...

102 2588 127 2648 6,
147 2588 172 2649 8,
191 2581 419 2652 Curculionisque
445 2582 483 2648 ΙΙ,
504 2591 529 2652 3,
547 2589 582 2638 83
601 2587 630 2639 et
649 2591 682 2639 60
693 2601 733 2654 sq.
759 2584 806 2656 [ci.
827 2584 928 2654 Opusc.
948 2581 1017 2653 phil.
1036 2582 1077 2636 Ill
1095 2600 1123 2653 p.
1144 2581 1208 2653 166]
1232 2596 1250 2633 a

102 2671 210 2727 mendis
229 2672 269 2728 sic
287 2673 343 2728 nisi
360 2672 446 2728 fallor
463 2672 602 2728 liberandi
620 2674 697 2728 sunt:

209 2753 282 2835 llum
300 2796 368 2850 repa
386 2782 419 2835 ut
436 2780 578 2849 relinquat
596 2780 666 2835 alias
686 2783 730 2835 res
749 2783 778 2835 et
797 2780 852 2835 huc
871 2778 975 2834 ueniet.
994 2778 1083 2835 hicet.

211 2870 346 2941 Ropitaat
364 2869 446 2939 serui,
464 2872 520 2938 qut
539 2887 610 2926 eam.
629 2869 699 2926 Dico
717 2886 762 2924 me
782 2872 821 2924 tre
840 2887 895 2938 quo
914 2870 1002 2923 catini
1020 2867 1119 2923 solent.
1140 2897 1172 2905 -

210 2959 326 3015 Prendit
344 2960 501 3028 dexteram,
520 2958 640 3014 seducit:
659 2960 770 3029 sopitat,
789 2958 857 3028 quid
875 2974 928 3029 ego
947 2957 977 3011 in
996 2955 1106 3011 Gtriam

209 3048 334 3103 Veniam.
354 3048 418 3104 dico
436 3065 481 3103 me
499 3049 550 3104 illo
568 3047 679 3102 uenisse
699 3048 785 3102 inimi
803 3064 895 3102 causa.
914 3046 954 3100 ibi
973 3048 1018 3100 me
1038 3047 1132 3114 rogat:

102 3138 139 3193 ad
165 3154 234 3206 quas
260 3136 469 3193 emendationes
495 3154 529 3192 ex
553 3140 634 3207 parte
657 3136 783 3208 ipsorum
806 3135 933 3207 vestigiis
956 3134 1090 3189 librorum
1114 3131 1248 3187 ducimur.

102 3225 234 3280 Eiusdem
249 3243 366 3282 scaenae
381 3245 407 3281 v.
419 3231 452 3282 78
471 3225 709 3296 transponendum
728 3228 858 3296 quatuor
876 3224 1009 3280 cottonis
1028 3223 1099 3278 iaci
1105 3227 1123 3276 t.
1153 3221 1253 3285 liono-=

107 3315 224 3385 syllaba,
243 3315 268 3369 si
286 3316 329 3372 dis
346 3317 449 3387 placet,
467 3317 564 3371 uides
582 3315 673 3371 forma
691 3332 710 3369 a
722 3314 820 3370 Wasio
834 3333 861 3386 p.
874 3319 924 3369 197
939 3312 1055 3368 affertur
1068 3327 1084 3366 e
1099 3309 1188 3365 Stichi
1201 3310 1249 3378 lv,

103 3410 119 3457 2
139 3404 229 3460 tribus
247 3405 374 3461 versibus
393 3404 592 3460 continuisti.
611 3409 654 3461 58.
674 3410 717 3471 54,
741 3404 843 3474 quibus
860 3404 922 3474 quis
940 3420 996 3459 non
1015 3401 1109 3457 videat
1127 3402 1170 3455 ter
1188 3398 1248 3454 red·

102 3491 224 3546 dendum
240 3487 303 3547 esse
322 3495 424 3549 uiden?

209 3564 324 3650 ligone?
352 3560 395 3635 iu
413 3597 456 3636 ne.
485 3580 611 3636 Mihine?
638 3580 703 3637 Tibi
720 3600 763 3637 ne.
783 3583 868 3638 uides
886 3583 918 3636 ut
935 3582 1073 3636 annonast
1091 3578 1204 3650 grauis?

215 3668 304 3724 Vides
320 3668 511 3740 benignitates
529 3668 675 3725 hominnm
693 3671 726 3724 ut
743 3670 851 3740 periere
870 3672 899 3724 et
916 3665 1110 3740 prothyrmae?

215 3759 303 3816 Viden
320 3758 453 3815 ridiculos
470 3759 552 3814 nihili
570 3759 631 3814 fieri
649 3762 734 3828 atqde
752 3762 828 3830 ipsos
847 3759 1043 3829 parasiteriers

102 3850 164 3905 Nec
178 3849 266 3920 igitur
279 3849 314 3904 de
332 3848 533 3919 monosyllabis
552 3849 656 3918 tabet,
672 3851 789 3919 pudet,
804 3849 900 3919 pipat
918 3847 1111 3918 cogitandum:
1131 3864 1249 3917 quorum

101 3940 156 3995 hoc
182 3939 306 3995 omnium
330 3938 445 3994 minime
470 3938 562 3992 locum
586 3939 615 3994 in
643 3939 801 4010 septenario
830 3937 992 3993 habiturum
1018 3936 1247 3993 exstitisses

104 4028 153 4099 [cf.
165 4046 192 4097 p.
203 4031 276 4098 3851,
295 4027 346 4083 illa
360 4045 415 4084 non
429 4027 459 4082 in
473 4044 557 4082 unam
577 4027 715 4098 syllabam
735 4029 880 4084 contacta
898 4026 1004 4096 potius,
1023 4044 1106 4096 quam
1120 4025 1250 4096 neglecta

101 4117 241 4187 positione
266 4118 355 4187 (velut
377 4117 478 4172 Bacch.
502 4135 527 4172 v.
548 4122 600 4171 893
622 4117 699 4189 [932]
723 4118 795 4172 labet
816 4117 975 4183 houmere,
1003 4122 1055 4171 946
1075 4116 1152 4187 [986]
1177 4116 1249 4170 lubet

98 4208 243 4278 pertepere,
263 4213 332 4262 1116
352 4207 446 4278 [1166]
461 4207 548 4276 pedet
571 4208 669 4276 dicere)
696 4207 773 4262 dicta
800 4208 866 4261 sont
884 4207 914 4260 in
938 4206 1088 4263 octonariis
1112 4204 1248 4271 iambicis,

102 4296 262 4366 trochamm
280 4295 475 4366 anapaesticis.
511 4295 586 4351 Nam
610 4295 653 4351 his
676 4295 789 4365 quidem
813 4313 876 4351 cum
893 4296 980 4351 talem
1004 4295 1162 4363 licentiam,
1181 4293 1247 4349 slie-

103 4384 248 4440 nissimam
270 4401 288 4440 a
306 4384 491 4440 severioribus
514 4385 620 4454 meum,
642 4384 700 4441 iam
723 4385 759 4440 ab
777 4383 860 4440 initio
883 4384 1076 4453 concesserim,
1098 4385 1158 4438 tum
1181 4399 1248 4438 ana—

102 4474 243 4546 paesticos
256 4473 433 4546 potissimum
447 4475 592 4531 fatendum
607 4477 652 4531 est
665 4474 821 4531 condidisse
830 4474 960 4530 Plautum
975 4489 1058 4545 saepe
1073 4472 1248 4545 asperrimos.
