2940 5004
401 374 665 424 nuannarroms
689 375 897 425 1111111111.
1159 359 1225 425 495

83 523 179 603 atque
197 543 224 585 v.
240 521 305 585 378
321 519 414 603 [410]
429 522 547 602 siquid
562 521 688 586 illorum
705 521 791 604 facit,
811 521 913 602 Qrictm
926 522 955 585 si
968 520 1040 585 uou
1056 519 1180 608 faciut),
1198 522 1230 586 id

85 627 181 692 aliter
204 627 334 691 institui
363 631 415 690 vix
443 628 611 692 commode
634 629 754 710 potuit:
784 629 839 692 sed
869 629 954 710 quod
979 629 1079 692 etiam
1103 630 1229 712 1111110-

86 754 206 798 nomen
229 739 362 797 accentu
386 737 487 817 caret,
517 734 549 798 id
572 733 669 799 facile
693 736 765 818 quis
789 735 946 800 eiusmodi
970 758 1041 800 esse
1064 736 1164 818 dicat,
1192 741 1229 800 ut

83 842 130 904 sic
154 841 261 923 potius
281 862 301 902 a
320 843 416 924 poeta
434 840 629 905 collocatum
649 843 812 906 credatur:
835 846 912 922 putu
935 848 968 906 tu
990 864 1038 906 me
1060 844 1095 906 id
1115 843 1230 925 repas?

83 946 131 1010 Ac
159 946 300 1011 fortasse
328 948 375 1012 ita
402 948 459 1012 ille
488 947 587 1012 dedit:
618 970 814 1033 quamquam
843 949 967 1033 aliquid
991 953 1100 1013 tamen
1124 949 1230 1013 defen·

83 1053 183 1118 sionis
206 1054 316 1118 nescio
342 1077 382 1118 an
407 1055 507 1119 etiam
532 1055 625 1119 alteri
650 1056 859 1121 collocationi
882 1062 1033 1139 paratum
1056 1057 1108 1120 sit.
1144 1055 1231 1121 Nam

83 1183 156 1224 cum
179 1161 213 1224 in
237 1161 325 1225 omni
350 1182 497 1226 sermone
526 1161 653 1246 logicus
678 1165 828 1227 accentus
853 1159 904 1248 (ut
926 1164 1090 1228 novicium
1113 1185 1232 1228 nomen

83 1265 224 1352 teneam)
253 1269 461 1353 potissimum
490 1268 629 1352 pendeat
656 1291 694 1332 ex
722 1270 834 1333 ordine
862 1271 1048 1354 verborum,
1077 1270 1118 1333 ad
1148 1270 1231 1335 hanc

83 1377 192 1439 autem
220 1375 380 1439 rationem
409 1375 443 1439 in
472 1377 620 1440 versibus
650 1377 753 1441 altera
777 1377 861 1442 ratio
886 1378 1101 1442 acuendorum
1123 1378 1230 1442 notio-

83 1504 161 1545 num
184 1481 326 1566 accedat,
350 1505 433 1566 quae
456 1505 473 1547 e
499 1484 528 1547 vi
554 1483 636 1547 arsis
661 1487 739 1566 apta
761 1488 820 1562 est,
844 1484 914 1547 fieri
937 1505 1003 1548 non
1022 1488 1134 1566 potest
1152 1485 1230 1567 quin

82 1610 325 1673 nonnumquam
344 1590 534 1674 ambiguum
553 1591 605 1676 sit,
624 1594 699 1655 utra
712 1591 837 1655 ratione
852 1591 902 1655 vel
918 1590 1036 1654 fortius
1052 1591 1101 1654 vel
1122 1592 1230 1674 aptius

83 1719 123 1762 ea
144 1718 216 1779 vox,
239 1696 271 1759 in
295 1718 359 1778 qua
382 1699 554 1781 praecipua
577 1697 627 1762 vis
651 1703 702 1762 est
725 1697 922 1780 sententiae,
946 1697 1141 1761 intendatur.
1186 1698 1231 1761 Et

83 1807 120 1867 ut
142 1803 333 1886 plerumque
357 1825 434 1867 sane
456 1804 491 1868 in
520 1805 667 1869 versibus
696 1806 797 1869 altera
824 1804 909 1868 ratio
938 1804 1169 1887 praevaluerit,
1198 1804 1230 1868 id

83 1911 168 1994 quod
199 1911 288 1975 omui
319 1910 538 1994 disputatione
568 1916 680 1976 nostra
712 1913 778 1976 iam
811 1912 891 1975 satis
922 1933 993 1975 esse
1024 1916 1230 1995 perspectum

84 2018 320 2100 existimamus,
348 2021 457 2082 tamen
486 2019 583 2083 simul
612 2018 788 2082 curandum
819 2018 919 2082 fuisse
950 2018 1163 2102 intellegitur,
1195 2024 1231 2081 ut

86 2126 116 2188 ei
140 2125 202 2208 ipsi
225 2124 344 2188 rationi
368 2147 408 2187 ne
430 2112 479 2187 ita
502 2125 676 2189 satisfieret
700 2129 736 2188 ut
758 2128 815 2189 aut
833 2146 1001 2208 perversus
1022 2128 1078 2189 aut
1097 2147 1233 2209 prorsus

84 2232 225 2295 insolens
257 2230 334 2296 ordo
366 2231 537 2295 verborum
569 2232 731 2296 existerat.
783 2231 967 2295 Absurdum
997 2221 1104 2295 luerat
1132 2233 1231 2316 logici

84 2362 157 2403 cum
186 2338 370 2421 rhythmico
398 2342 533 2404 accentu
567 2339 798 2404 consociationi
828 2339 874 2402 sic
902 2340 1093 2424 gratificari:
1125 2341 1230 2403 uerum

83 2446 133 2509 dot
159 2447 252 2528 quod,
280 2446 344 2509 uou
370 2445 472 2529 luctet,
500 2446 551 2510 vel
578 2447 654 2527 quiet
678 2446 762 2526 fe'cit,
789 2446 854 2509 nou
875 2447 952 2526 quid
971 2446 1056 2530 fuit,
1079 2447 1133 2511 vel'
1152 2447 1232 2510 111111

82 2573 136 2616 uec
157 2553 282 2634 prodest
307 2553 360 2616 ue'c
387 2552 458 2616 titi:
487 2574 554 2616 non
578 2553 763 2636 absurdum,
786 2551 841 2615 sed
865 2552 1040 2616 molestum
1058 2556 1093 2616 et
1114 2575 1134 2617 a
1157 2574 1231 2618 con·

84 2657 252 2721 suetudine
287 2658 465 2723 abhorrens
492 2680 555 2722 uoci
587 2658 641 2722 lco'o
668 2659 754 2740 turpe
780 2658 890 2742 hercle,
917 2663 1124 2740 potissumum
1153 2661 1232 2723 obsit
1245 2690 1360 2729 cccxix

83 2767 130 2827 1111
151 2766 192 2848 id,
214 2770 250 2829 ut
266 2767 385 2847 palleat
405 2767 468 2829 uou
490 2766 519 2829 si
539 2762 700 2849 feceris*):
723 2787 788 2830 non
813 2748 968 2842 insolens,
991 2766 1046 2829 sed
1066 2766 1129 2829 nisi
1147 2766 1230 2830 falli-

85 2893 157 2934 mur
185 2892 249 2934 non
277 2873 495 2949 necessarium
523 2861 600 2952 'quin
630 2877 663 2934 tu
695 2893 742 2934 mc
774 2873 809 2934 111
838 2893 943 2955 copas,
976 2872 1103 2955 quando
1131 2874 1230 2937 etiam

86 3002 133 3061 eo,
164 2978 249 3062 quod
273 2979 484 3062 praeponitur
506 2978 593 3061 aliis,
618 3001 694 3060 prae
717 2977 769 3041 his
793 2999 856 3042 vox
879 3000 1023 3061 quaeque
1046 2979 1231 3063 insignitur.

84 3085 196 3170 anue
224 3107 339 3150 caussa
366 3085 427 3149 fuit
454 3107 510 3149 our
537 3085 602 3148 iam
625 3084 791 3169 Parergon
822 3108 851 3168 p.
876 3085 941 3148 546
970 3086 1108 3150 dicerem
1138 3088 1229 3151 dubi-

85 3193 148 3255 tari
177 3215 270 3276 posse
301 3196 408 3256 utrum
432 3191 521 3256 Trin.
544 3215 573 3256 v.
598 3193 663 3256 824
686 3214 737 3275 epo
761 3193 816 3256 1111
840 3216 881 3257 an
905 3194 960 3256 11111
983 3215 1033 3275 epo
1056 3200 1153 3278 poeta
1176 3217 1229 3278 po·

85 3299 215 3364 suisset:
246 3299 301 3362 ubi
330 3322 403 3363 cum
427 3302 556 3384 praeter
579 3303 703 3363 ceteros
731 3298 808 3392 deos
832 3298 1003 3382 Neptunus
1027 3300 1231 3385 insigniatur,

84 3407 243 3491 pedestris
278 3409 405 3490 quidem
439 3408 544 3471 oratio
577 3431 617 3471 ne
650 3407 846 3471 admittebat
879 3408 1005 3491 quidem
1039 3407 1136 3471 aliam
1166 3408 1230 3471 nisi

85 3513 168 3576 hanc
196 3514 457 3578 collocationem:
487 3515 588 3594 Atque
617 3515 685 3578 1111
711 3535 771 3599 cyo,
796 3515 944 3597 Neptu-uc,
967 3519 1038 3577 autc
1060 3515 1139 3579 altos
1161 3517 1231 3578 cleos

82 3621 182 3700 protis
214 3641 271 3701 rupo
296 3625 387 3700 auare
413 3620 505 3684 habeo
533 3642 688 3685 mutulos:
717 3621 863 3685 versibus
893 3622 1029 3685 astricta
1057 3622 1154 3685 solita
1181 3626 1231 3685 est

86 3746 162 3789 sane
191 3725 388 3788 contrarium
418 3726 562 3791 ordinem
591 3729 745 3792 asciscere
772 3730 874 3809 Atque
901 3751 952 3812 epo
980 3727 1052 3793 11111
1080 3727 1231 3810 Neptune,

87 3832 195 3917 potuit
223 3835 332 3894 tamen
361 3837 396 3895 ut
424 3831 551 3896 videtur
580 3835 678 3898 etiam
706 3835 844 3900 alteram
872 3837 1031 3900 rationem
1060 3857 1132 3898 cum
1159 3834 1231 3918 ipsa

86 3939 227 4023 pedestri
253 3940 398 4004 oratione
421 3945 454 4003 et
478 3942 638 4005 communi
663 3943 894 4007 consuetudine
918 3944 1123 4027 participare.

176 4045 276 4110 Vides
304 4050 432 4111 tantam
459 4046 555 4110 huius
584 4050 712 4132 generis
741 4049 883 4113 universi
913 4051 1127 4114 subtilitatem
1151 4070 1231 4132 esse,

176 4226 201 4291 *)
226 4222 286 4287 Quo
310 4225 379 4291 puto
403 4222 488 4276 etiam
512 4221 582 4275 illud
605 4222 747 4291 pertinere
770 4241 836 4278 nom
858 4227 898 4277 etc
915 4225 941 4277 ai
958 4226 1015 4278 ndu
1033 4225 1131 4294 licebit,
1156 4224 1230 4292 quod

88 4330 187 4381 parum
212 4311 358 4368 facilitatis
383 4313 413 4365 et
436 4310 531 4365 nescio
558 4311 625 4378 quid
650 4310 775 4366 affectati
801 4312 961 4366 habiturum
985 4313 1035 4382 sit,
1061 4313 1085 4367 ai
1112 4331 1173 4367 cum
1197 4330 1230 4368 eo

88 4403 292 4470 comparaveris
316 4401 390 4470 qnod
414 4419 476 4455 cum
501 4401 630 4470 neglecto
650 4416 717 4454 sane
735 4403 852 4455 accentu
871 4401 977 4456 dictum
997 4405 1040 4457 est
1057 4421 1122 4457 uum
1139 4407 1166 4457 ai
1182 4405 1231 4457 sic

87 4491 143 4543 non
162 4492 251 4544 licebit
271 4490 344 4544 Triav
366 4511 389 4544 v.
411 4498 470 4546 461).
