2992 5004
234 358 299 419 312
526 373 785 421 inconsonans
810 374 856 419 nn
879 373 1089 421 nsrronrnvs

233 517 381 602 dagavit:
400 517 609 602 quantumvis
630 517 754 602 gravia,
773 522 810 581 ul·
832 517 1012 602 significavi
1026 540 1056 602 p.
1071 517 1135 582 518
1148 519 1203 596 [=
1219 516 1294 597 107]
1306 538 1385 600 sqq,

234 624 308 689 aliis
323 623 448 710 agenda
463 624 543 689 alibi
562 623 740 709 reliquerit.
772 622 813 688 Ei
830 628 986 710 quantum
1002 624 1166 708 debeatur,
1187 645 1250 687 non
1264 623 1386 708 poterit

235 756 273 796 ex
296 732 399 816 ipsius
422 731 564 797 nominis
588 731 621 796 in
641 731 854 796 annotatione
873 735 987 796 nostra
1005 731 1169 796 mentione
1188 731 1269 796 satis
1289 731 1385 796 aesti-

162 863 221 902 nur
237 839 332 904 mari:
364 838 464 902 immo
497 837 730 904 recordandum
758 841 809 903 est
836 837 969 922 ubique,
1002 861 1082 923 quas
1111 859 1171 924 ego
1200 861 1217 903 e
1245 838 1312 903 Bo
1337 860 1384 902 re·

235 951 345 1032 septas
369 968 440 1011 esse
464 945 641 1030 scripturas
666 945 845 1030 significem
866 967 886 1009 a
904 945 1047 1029 priorum
1067 944 1244 1010 editionum
1264 966 1384 1010 memo-

235 1055 283 1119 ria
307 1052 353 1140 (h.
377 1076 402 1118 e.
426 1053 483 1118 ubi
509 1073 576 1116 non
604 1055 709 1117 testor
736 1051 837 1134 aliud,
865 1075 884 1116 a
907 1047 951 1137 Ζ)
980 1050 1214 1136 discrepantes,
1241 1051 1384 1117 indidem

236 1161 425 1246 plerumque
453 1161 519 1224 iam
543 1157 765 1224 Camerarium
789 1159 985 1243 reposuisse:
1009 1160 1041 1224 id
1065 1158 1150 1244 quod
1175 1181 1292 1243 operae
1315 1182 1385 1244 pre·

235 1270 318 1335 tium
346 1289 412 1332 non
436 1267 511 1331 duxi
535 1267 673 1353 singulis
702 1267 781 1332 locis
805 1265 976 1331 inculeare.
1020 1265 1095 1331 Non
1119 1266 1257 1331 multum
1281 1288 1386 1331 emen·

236 1375 326 1440 datio
354 1374 483 1459 quidem
506 1373 614 1438 Plauti
641 1378 718 1458 post
742 1373 963 1438 Camerarium
988 1374 1126 1458 profecit
1150 1374 1200 1439 vel
1224 1372 1385 1458 probabili

237 1481 408 1547 enarrandi
437 1480 598 1569 industria
626 1478 782 1546 Friderici
811 1479 1039 1563 Τ11111111111,
1067 1481 1118 1545 vel
1145 1480 1287 1566 impigro
1310 1478 1386 1575 Phi3
1469 1537 1472 1541 .

237 1590 317 1674 lippi
338 1589 446 1654 Plan
466 1588 587 1671 labore,
612 1592 753 1653 ceterum
773 1588 913 1652 iudicare
931 1589 1114 1672 nescientis,
1137 1588 1171 1652 in
1190 1588 1388 1654 excutiendis

236 1697 330 1762 libris
348 1695 508 1761 Palatinis
532 1700 735 1779 consumpto,
758 1695 809 1760 rel
828 1694 1043 1759 immoderata
1061 1694 1187 1759 rixandi
1207 1696 1387 1761 convician-

238 1805 333 1889 dique
357 1803 534 1887 cupiditate
557 1802 629 1867 lani
653 1801 823 1881 Guvrnnl,
845 1824 910 1886 qua
928 1824 969 1866 ne
987 1800 1069 1865 illud
1089 1802 1218 1886 quidem
1238 1803 1387 1868 effectum

238 1917 288 1975 est
310 1914 356 1995 ut,
379 1910 456 1994 quid
475 1910 607 1974 tandem
628 1910 663 1974 in
684 1908 844 1974 Palatinis
865 1909 1035 1994 legeretur,
1054 1909 1105 1975 vel
1123 1913 1209 1973 recte
1226 1910 1277 1974 vel
1293 1909 1387 1993 plene

239 2020 496 2104 cognosceretur.
542 2015 642 2082 Cuius
666 2016 889 2081 altercationis
912 2015 1085 2081 historiam
1110 2017 1165 2101 qui
1189 2017 1311 2082 talibus
1336 2017 1414 2081 de-‘

238 2126 397 2190 lectantur
424 2147 462 2189 ex
490 2124 536 2188 eis
567 2127 676 2208 petere
700 2127 855 2209 poterunt
882 2145 965 2208 quae
989 2122 1029 2188 de
1053 2124 1128 2188 crisi
1152 2122 1200 2187 Pl.
1225 2145 1244 2187 a
1268 2146 1298 2208 p.
1322 2124 1387 2189 552

238 2235 295 2313 [ε
309 2233 385 2313 143]
406 2231 446 2296 ad
467 2232 529 2296 561
552 2231 694 2312 [=152]
714 2231 929 2296 narravimus.
965 2229 1098 2295 Praeter
1116 2229 1255 2296 editores
1279 2237 1388 2296 autem

238 2341 293 2425 qui
316 2339 376 2403 illa
397 2341 503 2402 aetate
527 2358 648 2422 magno
668 2358 766 2423 grege
790 2338 894 2402 critici
913 2339 952 2402 ad
972 2337 1218 2423 perpoliendum
1237 2337 1387 2403 Plautum

238 2446 376 2531 undique
396 2445 618 2523 convolarunt,
637 2466 748 2510 eorum
762 2445 887 2530 nullam
907 2445 1034 2510 laudern
1053 2443 1191 2509 Ioannes
1205 2443 1387 2511 anssslvs

239 2553 371 2617 meruit:
390 2552 440 2617 vel
460 2551 609 2637 exiguam
628 2551 679 2616 vel
700 2552 894 2617 mediocrem
918 2552 1079 2616 Adrianus
1099 2551 1387 2636 evacuaverant

239 2659 381 2726 Dovsrn
411 2664 504 2744 pater
531 2664 564 2724 et
591 2660 694 2745 filius,
728 2658 852 2744 Caspar
880 2658 1071 2744 Soroeervs,
1104 2659 1213 2724 Iustus
1243 2658 1389 2745 ersrvs,

240 2767 392 2832 Mellerus
408 2766 627 2833 Psannruvs:
651 2768 806 2832 maiorem
829 2767 938 2832 Iauvs
958 2765 1190 2834 Gvnmnurvs:
1214 2767 1387 2831 maximam

239 2879 336 2960 atque
351 2876 430 2940 adeo
446 2875 597 2940 eximiam
610 2875 754 2941 Vannns
767 2863 1182 2959 Aclnsnrvs,‘quamquam
1197 2895 1255 2938 nec
1270 2877 1388 2938 metro·

239 3004 310 3046 rum
330 2982 466 3047 scientia
485 2983 605 3067 valens,
630 3004 694 3066 qna
717 2987 787 3045 tum
810 2964 905 3046 nemo
921 2981 1008 3049 ,satis
1032 2982 1208 3046 instructus
1228 2983 1306 3064 erat,
1329 3002 1388 3045 nec

239 3087 443 3153 Camerarius
466 3089 616 3153 editionis
641 3089 869 3153 auctoritatem
892 3093 1094 3173 perspectam
1113 3088 1247 3177 babens,
1265 3108 1385 3173 magno

240 3196 272 3259 id
287 3196 483 3262 detrimento
498 3219 566 3260 suo.
594 3197 668 3262 Dixi
684 3197 723 3261 de
737 3218 785 3282 10,
803 3196 858 3261 sed
872 3195 1010 3260 fortasse
1025 3218 1089 3261 non
1106 3195 1186 3260 satis
1202 3195 1387 3279 honorifice,

240 3302 259 3366 l.
279 3325 303 3368 s.
323 3324 347 3366 s.
367 3327 397 3388 p.
417 3303 483 3369 505
498 3305 632 3387 [=93],
656 3303 694 3368 de
719 3303 869 3388 Scioppio
893 3327 923 3387 p.
943 3303 1007 3368 544
1028 3303 1182 3386 [=134],
1205 3303 1243 3367 de
1268 3302 1388 3367 Dousis

240 3431 270 3492 p.
286 3409 351 3474 534
372 3412 428 3492 [=
440 3410 527 3493 1241,
546 3410 584 3474 de
603 3409 746 3475 Meursio
769 3433 800 3494 p.
814 3410 880 3476 498
899 3412 955 3490 [=
967 3410 1023 3492 86]
1034 3433 1080 3495 sq.
1103 3409 1248 3486 ¹Praeter
1270 3408 1389 3475 horum

241 3539 333 3581 curas
358 3517 481 3600 pridem
506 3517 609 3582 editas
629 3516 768 3582 ineditae
790 3517 868 3582 mihi
890 3521 1019 3601 praesto
1039 3517 1171 3582 fuerunt
1190 3514 1389 3594 8111111111,

241 3621 416 3707 8111111111,
435 3623 566 3689 Dousae
586 3629 619 3689 11
638 3624 778 3688 fortasse
793 3624 930 3690 aliorum
946 3625 1148 3689 coniecturae
1164 3624 1197 3687 in
1216 3624 1386 3706 impresso·

204 3778 208 3783 -
240 3752 312 3794 rum
324 3731 526 3815 quorundam
537 3731 766 3816 exemplorum,
780 3752 862 3815 quae
872 3730 1038 3796 Leidensis
1048 3730 1258 3815 bybliotheca
1272 3734 1390 3813 servat,

172 3857 226 3896 urv
241 3838 443 3922 marginibus
468 3838 709 3922 scriptorum.*)
755 3839 899 3915 Quorum
922 3838 989 3904 alia
1012 3838 1116 3902 sciens
1139 3859 1223 3902 nunc
1246 3842 1388 3921 praeter-

241 3945 345 4028 mitto,
370 3946 447 4011 olim
471 3946 534 4011 huc
554 3946 729 4010 rediturus:
753 3947 895 4031 quinque
914 3945 967 4010 hic
986 3945 1268 4009 commemoranda
1285 3944 1389 4008 video.

243 4051 287 4115 Et
305 4051 375 4117 lani
399 4053 528 4137 quidem
550 4052 682 4119 Dousae
703 4055 798 4138 longe
820 4053 977 4137 plurimas
1000 4052 1237 4135 annotationes,
1259 4051 1389 4115 sedeas

242 4160 382 4225 maxima
392 4183 429 4225 ex
440 4165 532 4244 parte
543 4161 583 4226 ad
593 4161 895 4244 interpretationem
907 4164 1098 4245 spectantes,
1107 4163 1198 4224 tenet
1207 4159 1389 4244 exemplum

330 4408 359 4476 *1
379 4408 491 4464 Similia
510 4408 637 4479 exempla
655 4408 851 4478 bybliothecae
873 4409 1085 4477 umbrosanae,
1109 4407 1158 4463 ses
1177 4423 1248 4476 quae
1273 4392 1384 4461 111111

243 4495 421 4566 inspexerim,
440 4497 594 4552 memoravi
612 4498 753 4567 Parergon
771 4515 798 4566 p.
814 4503 875 4552 400.
