2992 5004
246 328 329 410 Ι382
547 360 810 410 Pronnoonnua
834 360 882 407 nn
906 359 1120 408 namomnvs

262 501 472 589 necessitas):
510 525 582 569 eam
610 506 671 569 etsi
699 504 783 569 nihil
811 504 958 589 prolecto
986 502 1142 589 impediat
1171 501 1349 588 quominus
1380 502 1413 567 in

264 611 448 676 octonarios
472 608 655 676 Trinummi
679 612 744 677 236
769 611 823 692 [cf.
847 616 956 678 annot.
979 611 1014 676 in
1036 610 1085 675 ed.
1110 610 1178 691 alt]
1203 614 1238 676 et
1260 608 1414 695 Hecyrae

263 715 302 802 V,
325 718 359 801 4,
383 719 425 782 27
451 718 749 784 accommodemus:
835 776 837 782 .

250 872 253 875 ’
352 843 506 927 Omnium
524 862 666 947 primum
685 861 806 927 amoris
825 860 916 945 artis,
939 861 1210 946 quemeumodum
1228 860 1416 946 expediant,

1116 969 1264 1052 eloquar:

352 1074 471 1141 Omnia
499 1079 611 1141 omnes
639 1076 695 1141 ubi
723 1073 910 1141 resciscunt.
955 1075 1009 1141 hic
1037 1097 1118 1161 quos
1145 1076 1255 1140 luerat
1282 1097 1346 1160 par
1370 1098 1416 1140 re-

1116 1180 1268 1248 sciscere:

205 1358 206 1361 ¹
262 1329 371 1391 tamen
396 1324 554 1410 legitimis
577 1326 771 1411 septenariis
794 1325 975 1391 Trinummi
998 1326 1077 1409 933,
1101 1324 1203 1391 Stichi
1227 1323 1286 1409 IV,
1314 1328 1349 1410 1,
1372 1327 1413 1390 21

263 1436 297 1495 et
319 1430 522 1497 Cistellariue
545 1432 586 1516 ΙΙ,
612 1435 640 1517 1,
663 1434 722 1499 5οε

352 1556 504 1640 Omnium
528 1575 670 1660 primum
695 1577 728 1640 in
746 1574 887 1641 Pontum
911 1575 1037 1641 aduecti
1056 1574 1097 1640 ad
1111 1556 1269 1640 hrsbiam
1288 1575 1416 1640 terrim

1118 1702 1242 1748 sumus:

352 1773 505 1856 Omnium
529 1814 580 1856 me
604 1792 720 1857 exilem
744 1793 840 1877 utque
862 1792 993 1857 inanem
1016 1790 1094 1856 fe'cit
1118 1789 1377 1877 aegritudinum:

352 1880 397 1962 E'c
420 1897 549 1982 quidem
572 1899 681 1964 hercle
704 1897 769 1964 nisi
791 1899 911 1984 pedatu
934 1899 1033 1964 tertio
1058 1898 1162 1964 omnis
1186 1895 1350 1963 efflixeroz

132 2058 251 2101 cxxxiv
265 2061 332 2105 non
359 2041 471 2106 licebit
499 2042 565 2106 ullo
594 2042 690 2108 modo
719 2042 874 2126 tribuere,
905 2042 969 2107 nisi
994 2041 1124 2128 quidem
1146 2062 1247 2106 unam
1270 2040 1416 2105 menium

262 2146 401 2212 formam
425 2153 593 2233 exceptam
612 2169 683 2214 esse
701 2170 740 2213 ex
759 2147 907 2214 affinium
926 2148 1081 2214 societate
1099 2151 1230 2233 praeter
1248 2147 1415 2213 rationem

263 2253 474 2318 contenderis.
518 2253 609 2339 Ergo
633 2277 692 2339 pro
717 2260 894 2340 anapaesto
918 2255 1057 2320 omnium
1079 2255 1113 2318 in
1136 2254 1320 2338 posteriore
1344 2253 1416 2318 Tri·

263 2362 389 2425 nummi
413 2359 580 2445 Stichique
604 2383 698 2427 versu
721 2363 918 2447 necessario,
941 2362 977 2426 in
1000 2363 1108 2446 priore
1131 2360 1317 2427 Trinummi
1341 2383 1415 2446 pro

262 2469 418 2534 habiliter
440 2468 637 2536 habendum:
661 2493 720 2554 pro
744 2470 931 2556 pyrrhichio
954 2473 1055 2537 omnis
1073 2471 1107 2535 in
1126 2467 1327 2535 Cistellaria:
1353 2490 1414 2554 pro

263 2574 428 2640 tribracho
452 2576 558 2639 omnio
580 2575 616 2639 in
637 2575 778 2663 Hecyra,
810 2577 902 2642 nulla
925 2582 1032 2642 autem
1054 2577 1247 2642 necessitato
1272 2577 1308 2640 in
1330 2575 1415 2640 Rud.

262 2698 372 2784 1v,‚4‚
395 2699 437 2764 56
463 2675 577 2765 omne
599 2722 650 2784 eqo
673 2704 765 2767 eoa
785 2696 879 2783 seeo
895 2703 1012 2785 paceo,
1035 2706 1068 2766 o
1091 2701 1178 2767 urin.
1203 2699 1270 2767 655
1296 2675 1415 2767 tone

262 2827 314 2891 epo
336 2809 429 2873 ouo
450 2809 532 2890 quoe
555 2814 589 2872 to
611 2809 702 2893 dicti,
735 2810 790 2874 uhi
812 2809 897 2875 nihil
923 2809 995 2874 vitii
1019 2809 1168 2893 dactylus
1189 2809 1301 2874 habet.
1350 2805 1413 2873 Sed

263 2915 387 2980 alienus
411 2915 452 2980 ab
471 2914 523 2979 his
538 2915 788 3000 Amphitruonis
801 2916 842 2999 V,
855 2919 882 3001 1,
892 2917 944 3000 39,
968 2916 1089 2982 omisso
1109 2916 1165 2981 aee
1183 2914 1412 3000 corrigendus:

331 3039 482 3122 Omnium
506 3058 646 3142 primum
669 3041 850 3125 Alcumena
873 3060 1020 3145 geminos
1044 3059 1170 3145 peperit
1192 3057 1296 3123 filios.

294 3270 299 3279 ,
353 3199 400 3264 Vt
429 3200 530 3287 igitur
559 3201 672 3287 paucis
703 3203 957 3287 complectamur
986 3224 1068 3287 quae
1098 3202 1246 3268 rimando
1279 3201 1411 3287 singula

263 3307 359 3374 nobis
374 3307 520 3373 videmur
539 3309 695 3375 effecisse:
719 3310 870 3397 neglecto
888 3310 923 3374 in
945 3309 1052 3374 media
1069 3332 1147 3376 voce
1166 3310 1215 3375 vis
1234 3307 1411 3394 positionis

263 3418 296 3479 et
323 3436 530 3499 paucorum
558 3415 836 3482 vocabulorum
863 3415 1153 3501 bisyllaborum
1181 3416 1279 3482 certis
1304 3436 1410 3481 exem·

263 3522 327 3607 plis
357 3522 558 3607 continetur,
591 3527 624 3588 et
652 3522 784 3589 illorum
814 3523 863 3587 ita
893 3527 1156 3608 comparatorum
1186 3526 1223 3588 ut
1251 3544 1313 3587 nec
1345 3526 1411 3586 tres

263 3651 418 3714 umquem
447 3630 714 3714 corripiantur
742 3630 796 3696 sed
819 3634 970 3696 tantum
992 3631 1107 3696 binae
1131 3632 1411 3710 consonantes,

264 3741 297 3801 et
324 3735 459 3803 harum
489 3739 628 3823 altera,
661 3739 690 3803 si
718 3760 737 3803 a
764 3743 793 3803 st
816 3741 848 3803 et
871 3738 1047 3824 geminatis
1071 3737 1272 3822 discesseris,
1305 3737 1412 3801 soleat

262 3843 414 3928 liquida
437 3864 516 3929 esse,
535 3849 572 3911 ut
590 3846 626 3910 in
644 3847 715 3912 icuio
732 3847 813 3911 uude
830 3846 916 3912 intus
934 3847 1014 3910 iuter
1031 3845 1156 3911 interim
1173 3854 1280 3927 nempe
1299 3844 1410 3910 omnic.

264 3948 327 4015 Sed
354 3950 409 4017 his
434 3972 512 4018 cave
535 3973 575 4016 ne
599 3951 726 4017 defendi
749 3953 831 4018 talia
853 3955 947 4036 putes
972 3951 1081 4037 qualia
1105 3951 1297 4038 legebantur
1322 3949 1411 4015 'Prin

263 4059 315 4124 27.
339 4060 412 4126 386.
438 4060 502 4124 724
525 4063 563 4125 ni
583 4081 630 4126 me
652 4062 687 4127 id
706 4063 831 4138 incitet,
855 4060 917 4125 tu'te
939 4059 1091 4139 οόηοιῑίεε,
1112 4061 1168 4142 qui
1188 4069 1254 4124 meo
1277 4078 1330 4124 cro
1354 4052 1408 4124 ‹td-

139 4180 248 4225 oxxxv
262 4167 372 4233 uorsus
393 4167 562 4255 Memfi),
585 4169 637 4233 vel
662 4168 740 4234 alibi
762 4169 906 4248 incedere,
929 4188 989 4252 pro
1013 4189 1077 4252 quo
1100 4166 1174 4252 plus
1198 4164 1299 4230 semel
1324 4164 1408 4230 anti·

263 4312 474 4326 *ww-„-

353 4400 379 4464 *)
398 4398 471 4451 Nam
490 4397 543 4451 nisi
562 4397 729 4468 corripuisse
748 4392 885 4452 timeus
903 4396 1009 4466 credas,
1028 4394 1076 4465 qni
1094 4395 1122 4449 in
1137 4395 1191 4450 hac
1205 4393 1414 4464 acquieverunt

264 4485 415 4555 scriptura,
443 4503 528 4555 quam
556 4487 670 4541 tandem
698 4485 850 4542 scandendi
875 4485 1014 4541 rationem
1041 4484 1157 4540 inierint
1180 4481 1266 4554 plane
1291 4485 1413 4542 nesciae.
