2940 5004
262 335 328 416 516,
545 357 808 407 Pnonnuouans
832 359 880 405 nn
905 355 1119 407 RATIONIBVS

351 500 413 566 Sed
442 503 572 587 longius
599 504 697 568 etiam
726 503 925 567 trochaicum
949 525 1117 568 nnmerum
1141 505 1316 588 aequantis
1340 528 1415 589 pro·

260 609 477 674 celeusmatici
506 609 586 694 fuga
617 609 781 694 pertinuit.
827 608 903 674 Non
935 611 1039 695 magis
1072 610 1158 674 enim
1191 633 1266 675 eum
1299 635 1414 696 proce-

260 716 486 781 leusmaticum
518 722 662 781 veterum
695 739 747 781 ars
775 719 945 799 poetarum
978 717 1143 801 probavit,
1175 719 1230 801 qui
1262 719 1300 783 in
1333 721 1417 804 ipsis

259 824 407 888 iambicis
436 824 581 889 versibus
610 825 778 908 anapaesti
808 845 878 888 cum
907 824 1112 909 praecedenti
1141 825 1208 889 sive
1241 826 1415 892 tribracho

131 933 329 996 concursive
362 932 494 1016 dactylo
528 933 766 997 consociatione
799 933 917 998 oritur:
948 940 1181 1007 aldonolz.
1234 933 1285 997 De
1321 935 1414 998 cuius

259 1040 425 1105 societatis
455 1040 618 1123 pravitate
647 1039 818 1104 sanissimo
843 1038 961 1104 iudicio
985 1038 1267 1104 Hermannianam
1294 1041 1414 1105 doctri-

257 1168 335 1210 nam
357 1166 461 1229 nuper
478 1145 641 1210 Lomanns
660 1169 690 1230 p.
709 1147 753 1209 44
777 1146 1012 1228 comprobavit
1050 1146 1096 1209 Ac
1119 1147 1324 1230 paucissima
1343 1149 1413 1212 eins

259 1254 387 1339 generis
411 1254 558 1337 exempla
581 1275 598 1316 e
622 1253 812 1317 Trinummo
836 1253 1028 1337 expellenda
1049 1253 1198 1336 fuerunt,
1223 1258 1261 1317 nt
1287 1277 1316 1319 v.
1342 1255 1416 1338 169,

259 1360 314 1424 nbi
338 1383 404 1424 non
427 1360 535 1425 minus
558 1361 713 1425 vitiosum

347 1501 537 1568 Adc'snrinit
558 1503 666 1586 mripis,
688 1503 828 1567 inbianit
851 1504 966 1587 acrius,

259 1668 356 1730 quam
380 1644 466 1730 qnod
490 1644 610 1712 Bothio
634 1647 758 1730 placuit

347 1789 539 1853 Ade‘suriuit
561 1789 648 1871 maipa
670 1795 698 1853 et
720 1788 860 1853 iubiauit
883 1788 998 1852 donus.

257 1931 286 1995 Ε
311 1931 416 1996 tribus
440 1931 626 1995 dimetiendi
649 1930 755 1996 modis
778 1931 903 1995 nullum
928 1953 957 1995 v.
980 1931 1046 1995 515
1070 1931 1285 1998 admittebat:

346 2074 422 2139 risi
447 2094 508 2158 ego
532 2074 690 2138 rationem
715 2073 867 2137 reusam?
900 2040 1000 2137 ruane
1024 2073 1195 2157 periimus:

257 2238 334 2282 nam
365 2217 433 2282 sive
464 2216 519 2281 tabi
546 2218 601 2298 epo‘
625 2240 684 2300 pro
713 2222 890 2299 anapaesto
919 2217 1052 2300 accipis,
1081 2216 1166 2280 falsa
1194 2218 1412 2301 productione

257 2323 372 2405 uteris,
402 2324 469 2386 sive
493 2323 548 2386 tior·
570 2324 624 2405 epo‘
649 2345 702 2387 ra·
730 2346 789 2406 pro
814 2323 1113 2407 proceleusmatico,
1137 2346 1276 2407 pravum
1301 2347 1412 2390 acoen-

257 2434 327 2493 tum
346 2429 454 2512 infers,
473 2430 541 2494 sive
561 2431 616 2493 tabi
634 2432 685 2512 c'po
705 2451 763 2514 pro
782 2429 958 2512 tribracho,
977 2430 1005 2493 ci
1026 2430 1088 2514 ipsi
1103 2430 1177 2513 pedi
1193 2437 1409 2515 anapaestum

258 2537 437 2615 continuas.
483 2536 589 2601 Versu
613 2537 678 2601 804
702 2559 761 2620 pro
785 2537 943 2601 librorum
968 2537 1130 2619 scriptura

346 2661 506 2728 Continuo
528 2662 647 2743 operito
672 2661 785 2745 denuo,
810 2660 864 2725 sed
889 2661 1071 2726 clanculum

258 2810 355 2852 ausus
379 2810 451 2852 snm
474 2786 661 2851 Ennianum
685 2791 790 2868 opertu
809 2785 1005 2871 reponere*)
1029 2784 1174 2871 (qnando
1194 2808 1260 2851 non
1281 2810 1410 2872 semper

257 2894 485 2979 frequentandi
509 2894 575 2958 vim
598 2893 837 2977 frequentativa
860 2894 961 2957 verba
983 2898 1109 2976 tenent,
1133 2893 1408 2977 quemadmodum

257 3003 453 3087 aliquotiens
467 3002 601 3084 ropilure
615 2999 750 3065 Plautus
770 3022 828 3084 pro
849 2999 988 3083 simplici
1007 3020 1116 3082 rupere
1134 3001 1245 3083 posuit
1261 2999 1370 3081 [Cure.
1386 2999 1410 3083 l,

260 3108 457 3194 1‚13.19]):
482 3108 614 3192 quodsi
639 3108 711 3192 quis
735 3107 882 3190 poeticae
906 3107 1062 3171 orationis
1087 3107 1256 3190 proprium
1281 3107 1409 3188 dixerit,

258 3220 408 3300 exspecto
431 3216 507 3299 qnid
532 3216 773 3299 excogitaturus
798 3215 842 3278 sit
865 3214 904 3278 ad
934 3214 1079 3283 codicum
1111 3213 1305 3278 memoriam
1334 3236 1409 3298 pro·

257 3323 450 3406 piusquam
474 3320 753 3386 Hermannianum
778 3320 986 3401 Continuoque
1007 3323 1091 3402 operi
1119 3322 1216 3384 ᾱωιιιο
1241 3320 1409 3385 accedens.

256 3429 310 3492 Eu
334 3430 424 3510 [Ean]
448 3450 515 3494 πιθα
538 3430 703 3509 malefacto
726 3428 760 3492 in
783 3428 942 3512 principio
966 3451 994 3492 v.
1019 3428 1082 3492 185
1107 3427 1215 3510 posita
1240 3450 1321 3493 cave
1352 3451 1410 3513 pro

257 3536 385 3621 dactylo
418 3559 490 3601 cum
523 3541 701 3620 anapaesto
736 3535 870 3600 habeas:
904 3534 960 3598 nbi
994 3539 1050 3598 ant
1079 3556 1146 3598 ricco
1174 3535 1323 3617 syllabae
1353 3542 1410 3600 ant

255 3644 336 3707 mole
358 3643 392 3707 in
418 3666 515 3707 unam
542 3639 840 3726 contrahantur.**)
884 3639 1030 3705 Similem
1054 3642 1312 3705 contractionem
1344 3665 1411 3707 rne-

255 3754 365 3815 mento
388 3752 470 3814 enlm
493 3750 673 3834 particulae
698 3748 850 3812 adhibere
873 3772 901 3814 v.
926 3749 990 3813 806
1016 3748 1069 3829 [cf.
1093 3771 1123 3831 p.
1147 3749 1242 3828 400]:

344 3894 395 3959 Ita
414 3893 545 3958 faciam:
570 3893 616 3957 At
638 3874 724 3957 duim
747 3891 846 3955 nimis
869 3891 967 3976 ldngo
992 3913 1140 3956 sermone
1163 3892 1305 3958 dtimur:

254 4059 330 4101 nam
359 4059 418 4101 sua
445 4040 561 4120 sponte
590 4035 790 4119 intellegitur
818 4056 884 4099 non
912 4035 1016 4120 magis
1046 4057 1143 4117 qnam
1171 4035 1346 4120 dactylum
1371 4041 1413 4104 ab

256 4148 433 4228 anapaesto
456 4145 562 4228 excipi
585 4143 909 4230 proceleusmaticum
933 4163 1037 4225 posse.

344 4319 368 4389 *)
389 4320 461 4390 [Hoc
480 4323 689 4376 retractandum
709 4336 770 4375 esse
789 4317 958 4372 Ritschelins
976 4316 1130 4371 intellexit:
1152 4316 1316 4377 Oontinaod
1336 4325 1415 4394 operi

254 4410 283 4464 in
303 4410 345 4465 ed.
365 4411 413 4464 alt.
434 4410 554 4480 scripsit,
573 4412 608 4468 cf.
628 4412 699 4466 Nov.
718 4427 776 4464 cxc.
796 4408 888 4463 Plant.
908 4407 920 4460 1
940 4425 966 4476 p.
986 4411 1021 4462 86
1032 4409 1085 4477 sq]

325 4500 366 4567 **)
386 4501 528 4569 [malfacta
543 4499 712 4553 Bitschelins
727 4498 838 4570 scripsit
847 4498 875 4551 in
886 4497 928 4552 ed.
941 4497 1004 4553 alt:
1020 4497 1054 4551 cl.
1066 4496 1166 4566 Opusc.
1179 4497 1251 4566 phil.
1263 4502 1290 4555 ll
1299 4520 1328 4572 p.
1339 4507 1413 4572 tat]
