2910 5010
321 339 614 387 eurrunnrrcnsu
639 340 711 386 uro
736 326 944 387 irrnnrcuns.
1142 324 1204 386 709

63 481 234 547 admiratio
265 480 371 546 effecit
400 486 437 546 ut
465 481 504 547 de
538 483 702 547 communi
735 481 864 547 Ordinis
902 482 1080 566 sententia,
1114 483 1205 547 cuius

64 592 102 653 ut
126 611 258 653 munera
287 589 335 653 ita
365 588 474 654 studia
503 589 651 673 proximo
675 612 748 654 cum
774 589 857 654 Tvls
883 588 1051 653 affinitatis
1076 588 1204 654 vinculo
1284 620 1287 625 ¹

64 695 286 779 continentur,
322 694 373 759 his
405 695 482 759 Trai
513 696 647 780 litteris,
684 697 734 761 uir
770 695 899 778 eximie,
936 700 969 760 et
1001 686 1210 759 sollemnium*

65 801 416 886 quinquagenariorum
440 800 631 866 felicitatem
655 823 694 865 ex
712 801 823 866 animo
843 802 1151 885 congratularemur,
1174 806 1206 866 et

65 930 123 991 pro
148 930 223 973 cara
245 907 339 973 nobis
364 908 468 973 salute
483 908 559 974 'lua
582 912 658 974 vota
676 904 882 994 pientissima
901 909 1150 992 conciperemus,
1173 913 1206 972 et

64 1036 243 1100 propensae
271 1013 431 1079 voluntati
455 1015 553 1080 'l'vnn
582 1037 642 1080 nos
669 1035 785 1098 resque
812 1017 941 1079 nostras
965 1037 1038 1079 cum
1062 1037 1205 1079 reveren·

63 1121 129 1186 tiae
160 1121 388 1187 testificatione
421 1122 595 1197 duraturae
631 1121 939 1188 commendaremus.
995 1121 1086 1198 Quod
1116 1122 1205 1187 Deus

64 1228 215 1312 Optimus
239 1226 400 1292 Maximus
429 1228 510 1292 bene
533 1232 640 1293 vertat
667 1232 701 1293 et
722 1228 798 1294 felin
822 1226 966 1292 faustum
989 1227 1205 1294 fortunatum·

64 1357 125 1419 quc
148 1356 218 1399 esse
242 1335 359 1400 iubeat
405 1333 496 1399 Vale.

154 1441 274 1506 Datum
299 1441 432 1506 Bonnae
455 1440 566 1506 Idibus
591 1440 693 1505 Iuniis
717 1441 794 1505 anni
818 1457 1071 1507 clomcccnvnr.

611 1869 661 1930 11.

65 2008 556 2074 Gratulationssehreiben
582 2007 646 2072 des
677 2006 838 2072 Senates
868 2007 932 2072 der
960 2007 1207 2074 Universitbt

100 2116 209 2181 Bonn
236 2137 279 2179 zu
307 2115 390 2179 dem
412 2114 749 2200 funfzigjiibrigen
772 2114 1170 2199 Professorjubiliium

223 2222 257 2287 F.
281 2221 319 2286 G.
343 2221 540 2287 Welckcr's
563 2244 621 2285 am
648 2223 698 2286 16.
722 2220 890 2287 October
916 2219 1046 2306 1859.*)

153 2382 272 2449 Rector
299 2388 332 2448 et
356 2381 495 2448 Senatus
513 2383 524 2466 ΙΙ
542 2381 774 2447 Vnivereitatis
797 2380 991 2446 Fridericiaa
1015 2382 1207 2448 Guilelmiae

63 2490 239 2554 Rhenanae
256 2489 267 2573 ss
286 2487 420 2554 S·P·D
438 2490 449 2574 ΙΙ
467 2488 631 2554 Friderieo
652 2488 832 2573 Theophilo
848 2487 1020 2553 Welckero
1038 2489 1048 2571 ΙΙ
1068 2490 1136 2555 viro
1160 2491 1207 2555 in·

64 2597 263 2662 lustrissimo
287 2597 368 2661 bene
392 2595 632 2660 merentiseimo
650 2596 661 2679 ΙΙ
678 2596 832 2680 conlegae
856 2595 1077 2661 dilectissimo.

153 2721 217 2798 Qui
246 2742 320 2784 rara
349 2719 436 2783 inter
465 2720 619 2785 mortales
649 2719 804 2785 felicitate
833 2720 1112 2806 auspicatissimos
1141 2721 1206 2785 ianr

66 2828 143 2892 'l'rm
173 2826 241 2891 dies
271 2825 404 2891 obortus
428 2830 491 2910 est,
524 2827 665 2910 suscepti
689 2829 763 2891 ante
786 2825 866 2890 baec
889 2826 998 2891 decem
1022 2827 1127 2891 lustra
1150 2850 1206 2911 pu·

66 2933 145 2999 blioi
168 2932 310 2997 muneris
335 2933 428 2998 testis
452 2933 666 3017 laetissimus,
689 2955 761 2997 curn
785 2933 826 2997 ad
849 2934 991 3018 patriam
1014 2934 1207 3018 universam,

65 3043 165 3105 immo
194 3039 234 3104 ad
263 3030 375 3103 orbem
405 3043 565 3103 terrarum
593 3039 735 3122 pertinet
763 3038 873 3122 aliqua
900 3039 1103 3102 humanitate
1127 3039 1206 3104 tinc-

64 3153 149 3231 tum,
179 3151 247 3210 tum
277 3146 373 3230 longe
401 3146 500 3211 etiam
528 3145 691 3231 propioris
719 3145 954 3210 communionis
978 3145 1106 3209 vinculo
1134 3168 1206 3210 cum

64 3255 187 3320 nostris
218 3257 251 3317 et
281 3252 460 3318 rationibus
490 3258 523 3318 et
554 3252 701 3317 sensibus
731 3252 923 3318 continetur.
969 3249 1101 3316 Litteris
1130 3252 1207 3337 quid

67 3361 228 3447 profueris
252 3363 285 3425 et
307 3359 482 3441 doctrinae,
505 3360 586 3424 satis
610 3359 665 3424 alii
688 3358 924 3442 praedicabunt
945 3379 1045 3441 penes
1071 3380 1150 3443 quos
1173 3360 1207 3424 in

64 3469 126 3533 hoc
151 3487 267 3552 genere
291 3467 445 3532 iudicium
470 3471 532 3531 est:
582 3466 816 3550 praedicabunt
829 3464 996 3530 Musarum
1016 3487 1207 3550 graecarum

65 3577 275 3659 interpretem
300 3578 332 3638 et
355 3579 520 3658 tamquam
545 3577 652 3637 vatem
671 3573 779 3639 divino
800 3572 917 3656 spiritu
936 3571 1094 3657 afflatum,
1117 3573 1206 3638 cuius

65 3703 132 3747 non
165 3679 339 3744 eruditioni
372 3684 498 3745 tantum
533 3680 691 3765 singulari
725 3681 889 3764 miraeque
922 3678 1109 3763 sagacitati,
1151 3679 1208 3743 sed
1237 3753 1242 3762 ⁴

65 3788 250 3853 sublimiori
281 3787 400 3852 fervori
433 3786 683 3871 ingeniosaeque
716 3786 919 3871 simplicitati
953 3807 1026 3850 cum
1059 3789 1207 3850 aeternos

67 3900 273 3961 aeternorum
296 3896 465 3976 poetarum
489 3893 544 3958 diu
567 3893 713 3958 occlusos
737 3892 845 3958 fontes
864 3893 1006 3958 reclusos
1026 3891 1208 3975 debeamus,

65 4007 137 4067 turn
166 4004 280 4084 operta
307 4000 387 4064 artis
416 4000 485 4065 sine
513 4000 661 4085 exemplo
684 3999 869 4083 praeclarae
892 3999 1073 4083 penetralia
1096 4003 1208 4082 aperta

65 4128 213 4191 novaque
241 4108 275 4171 in
302 4106 382 4173 luoe'
401 4108 585 4190 conlocate,
612 4112 682 4172 tum
712 4106 823 4172 abdita
846 4110 879 4171 et
900 4105 1052 4190 perplexe
1075 4106 1207 4171 deorum

173 4357 199 4423 ³¹¹)
224 4353 344 4426 [Bereits
367 4353 542 4424 abgedruclrt
565 4352 595 4408 in
618 4353 672 4408 den
694 4352 791 4409 Jahrb.
815 4353 834 4407 f.
859 4349 1206 4424 elasaPhilologie1860

64 4463 92 4515 p.
114 4449 147 4500 10
161 4444 180 4500 f.
217 4442 246 4498 C.
265 4443 321 4512 W.]
808 4473 811 4477 ’
