2910 5010
326 346 624 398 aaarunarronrn
648 349 720 397 uun
743 333 952 399 inuncans.
1146 332 1210 397 723

206 563 241 651 x)
265 563 319 631 Im
342 565 583 650 Prooemium
606 565 671 630 des
695 563 957 631 Sommersem.
983 565 1067 630 1863

346 704 487 793 (priscae
511 709 604 773 latin.
627 708 727 794 epigr.
751 709 855 794 suppl.
878 706 935 795 Π).

156 846 218 913 Sed
241 853 369 935 tempus
394 854 444 915 est
466 872 487 914 a
509 852 693 916 litterarum
717 851 861 916 exilitate
884 851 1023 915 transire
1042 850 1082 915 ad
1103 872 1210 915 rerum

66 955 271 1040 gravitatem.
317 956 521 1042 Quamquam
552 979 608 1022 eae
640 958 731 1042 ipsae
761 980 828 1041 res,
861 958 890 1022 si
919 979 1031 1022 verum
1061 958 1209 1023 volumus

65 1061 176 1148 fateri,
197 1067 230 1127 et
253 1064 501 1149 proficiscuntur
525 1087 544 1128 a
567 1064 686 1129 litteris
711 1067 744 1128 et
768 1064 808 1128 ad
832 1063 962 1128 easdem
983 1085 1052 1129 non
1074 1069 1211 1148 possunt

65 1189 133 1233 non
165 1170 378 1234 multifariam
408 1170 526 1235 redire:
560 1171 687 1255 quando
718 1171 836 1236 litteris
868 1193 974 1236 carere
1002 1170 1128 1236 litterae
1156 1194 1210 1236 ne·

66 1281 203 1360 queunt,
232 1276 284 1341 vel
307 1280 344 1340 ut
367 1275 496 1361 planius
520 1277 639 1361 dicam,
663 1282 732 1343 arte
755 1279 968 1362 grammatica
990 1300 1043 1343 ars
1066 1278 1209 1362 discipli·

64 1404 191 1448 narum.
228 1381 354 1447 Harum
382 1389 490 1448 autem
519 1383 774 1468 disciplinarum,
797 1384 914 1469 quibus
938 1388 971 1449 et
993 1389 1134 1449 mentem
1158 1407 1210 1450 ex·

66 1489 203 1554 arceatis
227 1493 260 1554 et
283 1490 438 1555 excolatis
463 1490 620 1574 animum,
648 1492 707 1555 hos
731 1491 797 1555 iam
824 1490 945 1556 indices
974 1490 1111 1575 accipite
1141 1491 1210 1575 qui-

67 1597 130 1660 bus
154 1596 335 1662 studiorum
358 1597 556 1662 aestivorum
581 1596 716 1661 ducibus
739 1597 885 1662 utamini.
931 1596 1077 1662 Vtemiui
1102 1603 1210 1662 autem

66 1703 124 1786 ita,
143 1704 170 1767 si
191 1703 268 1788 quid
286 1707 400 1768 nostra
419 1697 505 1787 apud
523 1725 580 1767 vos
600 1702 777 1768 auctoritas
797 1702 893 1785 valet,
916 1706 952 1767 ut
970 1703 1212 1788 propositarum

67 1809 253 1875 scholarum
282 1810 413 1874 ubertas
443 1809 569 1874 animos
593 1814 718 1875 vestros
742 1832 808 1876 non
830 1813 958 1875 tanturn
982 1809 1115 1874 adliciat
1137 1832 1210 1876 cum

65 1916 238 2001 suavitate,
261 1915 317 1981 sed
340 1937 413 1980 oum
436 1917 544 1981 fructu
567 1917 720 1981 detineat.
765 1915 891 1982 Valote.

560 2114 718 2121 -————.-—

179 2235 216 2323 y)
240 2237 294 2301 Im
316 2236 560 2303 Prooemium
584 2236 648 2302 das
673 2236 916 2302 Wintersem.
942 2236 1091 2322 1863s64

338 2380 477 2465 (priscae
499 2379 589 2444 latin.
614 2379 714 2465 epigr.
738 2382 844 2466 suppl.
866 2380 939 2467 III).

158 2521 251 2599 Quod
283 2525 441 2606 superest,
474 2522 560 2587 infra
592 2523 773 2606 positarum
803 2524 986 2590 scholarum
1017 2524 1144 2607 copiam
1174 2547 1212 2590 ae

66 2737 231 2820 volumus,
259 2734 452 2799 industriam
476 2738 585 2799 autem
609 2738 752 2800 vestram
775 2735 867 2800 Bono
892 2735 1041 2801 Eventui.
1090 2736 1213 2802 Valete.

560 2933 720 2951 ..π-,ῥᾷ-

208 3053 239 3143 a)
264 3055 319 3121 Im
342 3055 583 3122 Prooemium
606 3056 673 3121 des
698 3055 959 3122 Sommersem.
985 3059 1070 3123 1864

340 3197 592 3296 (priscae-latin.
616 3202 718 3285 epigr.
741 3199 847 3283 suppl.
870 3198 941 3285 IV).

90 3413 96 3427 ,
158 3341 262 3407 Novis
283 3342 477 3426 quibusdam
497 3343 652 3425 exemplis
672 3340 839 3424 didicistis,
859 3342 1095 3408 commilitones
1114 3345 1212 3409 caris-

69 3449 162 3532 simi,
192 3470 289 3532 quam
320 3470 393 3512 vere
417 3449 541 3514 dicatur
563 3451 644 3514 diem
666 3450 716 3513 die
737 3450 837 3513 doceri
859 3470 982 3533 nosque
1004 3449 1092 3533 ipsos
1115 3450 1212 3530 γηρά-

69 3577 154 3622 cxciv
183 3555 245 3620 αἰεὶ
272 3556 380 3621 πολλὰ
403 3559 658 3634 διδαεκομένουε.
704 3555 797 3632 Quod
820 3560 930 3620 tamen
953 3556 1001 3620 ita
1023 3557 1214 3641 interpreta-

69 3663 200 3747 bimini,
222 3667 260 3727 ut
282 3685 396 3747 parum
420 3664 527 3728 valere
551 3664 609 3728 illa
632 3663 739 3728 πολλὰ
762 3663 991 3748 recordemini,
1021 3663 1086 3728 nisi
1107 3664 1141 3727 in
1166 3665 1212 3729 eis

67 3773 108 3836 τὸ
132 3773 216 3836 πολὺ
240 3772 326 3836 insit.
363 3769 453 3856 Ergo
477 3793 515 3835 ax
538 3772 600 3836 hac
623 3793 760 3856 quoque,
783 3793 879 3856 quam
903 3771 991 3835 infra
1014 3772 1213 3854 propositam

69 3877 197 3961 videtis,
220 3877 394 3963 multiplici
413 3878 571 3943 varietate
591 3879 770 3944 studiorum
789 3878 1035 3961 litterarumque
1059 3878 1213 3942 curabitis

68 3988 108 4049 ut
126 3984 279 4068 prudenti
299 3986 434 4050 consilio
454 4007 597 4069 sanoque
615 3989 872 4068 temperamento
892 4006 931 4047 ea
950 3983 1111 4068 deligatis,
1132 4005 1213 4067 quae

68 4093 103 4156 in
132 4091 256 4157 solidae
285 4092 446 4175 certisque
473 4091 592 4156 finibus
622 4090 885 4175 circumscriptae
914 4089 1105 4174 disciplinae
1132 4094 1215 4154 tam-

68 4220 168 4283 quam
193 4198 354 4282 quoddam
380 4219 495 4282 eorpus
520 4201 644 4281 coeant,
666 4219 746 4262 neve
766 4197 948 4261 multisoiae
972 4196 1108 4261 notitiae
1131 4217 1214 4281 vago

68 4306 217 4391 appetitu
241 4327 350 4370 veram
374 4304 618 4390 simplicemque
643 4305 812 4369 seientiam
836 4304 1057 4389 praevertatis.
1089 4303 1213 4368 Valete.

497 4519 790 4531 --—-—-——·

948 4548 1003 4604 lo·
