2994 5018
258 323 301 388 88
574 340 656 386 vars
680 339 830 386 wsauua
854 338 916 386 aus
940 339 1082 387 nocuus

259 479 409 548 scortator,
434 479 505 533 unde
529 477 614 533 etiem
640 478 693 533 sibi
711 495 813 534 nornen
832 479 944 535 mansit.
982 481 1097 547 (τρατόε
1115 478 1190 534 enim
1209 495 1310 549 graece
1329 470 1406 535 exer-

259 569 339 636 citus,
360 569 422 636 (pite
440 568 483 622 vir
502 569 531 622 et
549 568 627 621 rito(
641 565 744 637 gloria:
764 567 844 637 quasi
858 567 978 637 gloriam
992 567 1046 622 sibi
1059 568 1089 622 in
1103 567 1228 623 exercitu
1241 585 1405 638 comparare

258 656 392 722 voluerit3
416 658 443 724 4)
463 653 627 709 Cheribolus
652 658 799 726 corruptae
822 655 1029 712 adolescentiae
1055 657 1083 711 in
1105 658 1234 727 turpibus
1257 657 1409 713 auxiliator

259 744 477 811 etconsiliat013
491 746 599 815 gaudet
612 745 686 799 enim
701 746 845 801 consulere
861 745 1064 816 Stratophocli:
1083 746 1172 814 χαίρω
1186 746 1305 817 pudeo,
1320 749 1407 816 βουλή

259 852 326 891 vero
346 833 493 891 consilinm
511 835 600 890 notat.
638 836 664 905 4)
684 834 822 905 Apoeides
836 876 1022 892 .........
1061 840 1088 904 5)
1108 836 1239 907 Epidicus
1255 877 1353 892 .....

334 923 435 994 Agitur
457 922 575 977 Athenis
598 923 697 978 fabula
720 922 910 994 dividiturque
933 927 1035 994 poetae
1054 924 1190 980 Venusini
1209 926 1361 995 praecepto
1379 925 1409 980 in

261 1013 361 1083 quinos
384 1014 470 1070 actus.
510 1011 683 1083 Principium
708 1013 792 1083 primi
815 1014 869 1068 hoc
888 1015 944 1069 est:
974 1013 1060 1069 ‘heus
1084 1013 1269 1082 adolescens'‚
1295 1015 1410 1070 secundi

260 1102 329 1157 mihi
353 1103 473 1157 habetur
495 1100 621 1157 initium:
651 1102 725 1157 ‘rem
748 1102 800 1157 tibi
829 1121 890 1157 sum
914 1103 1041 1158 elocutus
1064 1102 1203 1171 omnem',
1227 1102 1304 1158 tertii
1327 1105 1408 1160 actus

260 1192 372 1247 initium
396 1191 502 1246 estid:
530 1191 616 1261 ‘atat
639 1193 744 1258 taccu,
767 1193 869 1247 habete
889 1191 1012 1247 animum
1030 1192 1161 1261 bonum'3
1188 1195 1305 1262 quartus
1324 1195 1405 1249 actus

260 1282 285 1337 is
303 1283 362 1338 est:
386 1281 466 1335 ‘care
492 1281 677 1352 praeterbitas
700 1282 773 1337 ullas
796 1281 883 1349 aedis¹
907 1282 976 1350 quin
992 1282 1101 1353 roges’3
1125 1281 1243 1337 ultimus
1261 1284 1341 1338 actus
1359 1283 1407 1338 hic

260 1372 389 1441 putatur:
411 1370 446 1424 ‘si
465 1370 533 1440 quid
551 1372 596 1425 est
612 1368 773 1424 huiusmodi
791 1369 986 1426 miseriarum)

675 1549 718 1602 Zu
736 1549 807 1604 Act.
826 1548 838 1601 I
858 1547 949 1603 Sccn.
969 1549 990 1602 Ι.

341 1638 505 1707 Loquuntur
518 1637 572 1691 hoc
585 1636 649 1691 loco
668 1636 795 1691 conservi
810 1635 877 1692 duo:
897 1636 1030 1707 Epidicus
1049 1637 1121 1692 alter
1140 1637 1189 1707 qui
1207 1636 1284 1694 domi
1302 1653 1412 1693 manse·

261 1729 320 1798 rat,
343 1728 415 1782 alter
438 1742 502 1781 vero
527 1724 643 1794 Tesprio
666 1723 714 1792 qui
738 1723 956 1795 Stratiphoelem
987 1724 1136 1781 comitatus
1164 1725 1258 1780 iuerat
1279 1725 1309 1780 in
1334 1742 1412 1782 exer·

263 1817 360 1873 eitum.
397 1816 433 1869 Hi
456 1814 591 1885 primum,
612 1815 643 1867 ut
659 1830 720 1869 mos
739 1816 782 1868 est
800 1830 952 1883 servorum,
971 1831 1001 1869 se
1019 1814 1140 1869 invicem
1158 1815 1271 1871 adeunt.
1308 1815 1412 1871 Postea

265 1905 398 1976 Epidicus
418 1905 452 1960 de
472 1901 669 1974 Stratiphocle‚
688 1901 853 1973 Periphauis
871 1902 940 1972 tilio,
958 1905 1147 1973 percontatur.

333 1994 429 2049 Danu
457 1992 576 2047 stehen
602 2010 640 2045 zu
665 1991 727 2047 den
756 1993 870 2046 ersten
898 1991 1029 2047 Versen
1056 1991 1150 2047 diosa
1177 1993 1410 2050 luterlinear-

264 2083 435 2153 scholion:

333 2191 360 2227 v.
383 2178 394 2226 1
415 2170 495 2241 heus]
516 2169 651 2226 vocantis.

416 2260 479 2330 quis
497 2260 707 2330 properantem]
727 2256 805 2312 abire
824 2256 1004 2312 festinantem
1023 2257 1209 2328 apprehendit
1226 2261 1312 2316 vaste.

336 2369 362 2406 v.
381 2356 397 2403 2
418 2349 481 2404 odio
501 2349 544 2419 es]
563 2345 780 2417 importunitati,
798 2347 886 2401 uteru
904 2363 958 2402 me.

334 2458 361 2496 v.
381 2447 396 2493 3
416 2436 572 2507 conspicor]
593 2435 683 2491 video.

336 2548 362 2583 v.
381 2535 398 2582 4
418 2526 507 2596 salve]
526 2525 651 2596 Epidius.
1096 2569 1100 2576 .

336 2637 362 2671 v.
382 2624 398 2672 5
418 2632 477 2672 esse
498 2615 573 2685 quod
591 2615 706 2686 assolet]
727 2615 802 2685 quod
822 2616 984 2670 consuetum
1004 2617 1048 2671 est
1066 2616 1133 2672 fieri.

336 2725 362 2761 v.
382 2714 398 2762 6
418 2705 517 2776 coena]
538 2703 695 2775 splendida,
714 2703 838 2774 opipara
1190 2705 1192 2710 ’

316 2815 362 2854 ‚a
384 2803 397 2851 7
418 2794 484 2865 quid
503 2797 534 2849 tu
553 2793 627 2865 agis]
652 2811 668 2848 o
688 2792 818 2863 Terpno,
844 2810 909 2847 num
929 2793 1017 2885 vitam
1036 2794 1115 2849 ducis
1134 2813 1167 2849 ex
1187 2795 1274 2850 animi
1292 2797 1333 2851 tui
1352 2815 1414 2852 sen-

266 2887 363 2942 tentia.

338 2974 496 3043 exemplum
506 2972 598 3043 adest]
613 2971 686 3042 petis
701 2975 733 3026 ut
747 2972 866 3039 valeam,
881 2989 915 3026 ex
925 2972 1005 3027 vultu
1019 2990 1185 3043 cognoscere
1199 2973 1309 3042 liquido
1323 2978 1414 3045 potes.

267 3067 291 3121 is
306 3064 379 3119 enim
394 3062 481 3119 veluti
500 3061 601 3115 mentis
619 3060 745 3130 proditor
762 3060 815 3115 tibi
834 3061 993 3130 exemplum
1012 3064 1118 3118 certum
1138 3065 1167 3117 et
1185 3061 1309 3118 validum
1324 3062 1414 3130 dabit,

269 3152 502 3225 quemadmodum
522 3166 613 3220 agam.

734 3297 945 3304 -—---—-—

366 3405 424 3469 Ill.
445 3402 614 3493 ‚Werler’s
637 3401 824 3486 Erkliirung
848 3425 912 3467 von
934 3400 1093 3467 Horatius
1117 3403 1222 3486 Epist.
1246 3404 1261 3467 l
1289 3406 1315 3468 1.

269 3548 352 3615 (nach
371 3541 549 3616 Sporbroth's
572 3541 652 3607 Hert,
671 3557 725 3595 von
744 3541 807 3596 dem
828 3541 872 3595 die
891 3541 1070 3597 Nachschrii’c
1088 3559 1133 3597 am
1152 3542 1249 3597 Raude
1268 3542 1318 3596 der
1335 3544 1415 3598 Wer-

345 3633 482 3689 ler'schen
500 3629 630 3701 Ausgabe
649 3647 705 3685 von
725 3635 793 3684 1512
811 3648 864 3684 nur
883 3631 932 3685 der
948 3631 1076 3701 Fassung
1092 3632 1164 3686 uach
1183 3631 1342 3700 abueicht.)

341 3759 419 3813 Haec
446 3756 539 3828 prima
565 3754 676 3810 Horatii
703 3755 825 3826 epistola
845 3755 984 3825 prohemii
1006 3755 1099 3810 locum
1122 3755 1222 3811 sortita
1245 3757 1300 3824 est;
1325 3755 1416 3811 Mece-

270 3851 366 3904 natem
379 3846 454 3902 enim
473 3861 553 3900 suum
568 3843 722 3913 adloquens,
737 3843 785 3913 qui
800 3861 850 3899 sua
864 3845 962 3914 sponte
973 3844 1153 3901 vehementer
1165 3844 1194 3900 in
1208 3861 1303 3900 omnes
1317 3847 1415 3914 poetas

270 3953 425 4008 propensus
450 3936 511 3989 crat
534 3935 563 3988 ct
585 3932 615 3987 in
637 3932 713 4002 ipsos
732 3932 858 4004 apprime
878 3932 1011 4002 liberalis,
1035 3933 1157 4003 suscepti
1175 3934 1312 4004 propositi
1330 3933 1415 3990 ratio·

270 4043 335 4082 nem
361 4023 484 4095 explicat
513 4025 543 4077 et
572 4021 684 4092 copiose
715 4022 834 4077 enarrat.
879 4009 948 4076 Cum
976 4022 1051 4077 enim
1078 4021 1206 4094 graviore
1236 4022 1293 4077 iam
1322 4024 1416 4078 aetate

271 4114 439 4171 constitutus
464 4111 615 4168 teneriores
637 4111 731 4165 Musas
755 4113 884 4166 omittere
908 4114 937 4166 et
964 4127 1007 4166 res
1029 4128 1131 4182 grava
1152 4113 1236 4181 atque
1259 4127 1292 4166 ex
1315 4111 1416 4166 intima

272 4201 453 4273 philosophia
477 4201 656 4271 depromptas
676 4200 778 4256 litteris
797 4201 931 4255 mandare
953 4200 1150 4270 constituisset,
1175 4201 1415 4271 ingravescentem

271 4293 394 4346 aetatem
420 4289 508 4344 veluti
533 4290 726 4345 lascivioribus
755 4291 886 4361 nequitiis
913 4290 1039 4360 ineptam
1065 4306 1144 4345 suam
1170 4290 1199 4344 iu
1224 4291 1294 4345 haec
1322 4288 1416 4345 studia

271 4377 498 4450 properationem
520 4378 650 4436 insinuat.
687 4379 917 4435 Benevolentiam
944 4379 1035 4448 primo
1065 4382 1163 4449 captat
1189 4379 1226 4434 ab
1251 4379 1312 4448 ipso
1340 4379 1414 4433 Mae·

272 4470 370 4525 canate
388 4467 469 4522 illum
492 4467 607 4538 dignum
626 4467 753 4523 iudicans
772 4469 820 4539 qui
839 4468 912 4523 sicut
933 4467 1071 4539 inprime
1090 4484 1141 4523 suo
1159 4467 1313 4526 carminum
1332 4482 1416 4538 opere
