2994 5018
263 328 305 393 86
580 345 660 392 vum
683 345 835 392 wunuue
858 346 922 393 sus
946 345 1088 394 uoounr

336 484 551 556 [‘Tranquillus
574 485 896 540 Parthenius.Dalmata
919 484 1034 556 Poeta’,
1056 486 1111 541 mit
1134 487 1198 541 dem
1221 488 1332 543 Werler
1358 505 1414 543 von

264 574 423 644 ingolstadt
451 573 502 628 her
530 573 619 642 (Ende
647 580 714 629 1616
743 574 800 628 und
830 576 908 642 1517)
930 573 1096 630 beireuudet
1118 593 1175 631 war
1194 577 1226 644 (s.
1246 577 1349 655 Opusc.
1373 577 1413 632 III

264 683 291 735 p.
314 663 415 733 1071),
435 663 566 717 widmete
585 662 689 717 diesem
708 661 738 716 in
756 663 918 719 demselben
935 665 1020 720 Jahre
1040 670 1108 720 1518
1127 664 1190 721 eine
1208 667 1247 720 im
1266 667 1415 739 Leipziger

264 753 445 823 Gymnasium
464 752 614 822 gehaltene
627 750 714 821 Itede,
733 751 779 808 die
798 752 959 823 gleichlalls
977 752 1024 809 bei
1043 754 1143 810 Melch.
1158 755 1256 810 Lotter
1274 755 1415 826 gedruclrt

264 843 370 909 wurde;
394 841 434 896 sie
458 840 586 896 ersehien
608 842 690 895 anter
712 840 775 896 dem
794 842 869 896 Titel
897 842 1006 897 ‘Oratio
1025 842 1067 897 De
1086 842 1215 898 laudibus
1235 843 1415 914 eloquentiae

263 933 385 987 Auctore
400 928 563 1000 Tranquillo
577 929 729 985 Parthenio
740 930 899 987 Andronico
915 931 1060 987 Dalmata:
1080 933 1108 987 in
1124 931 1415 1003 GyumasioLipsensi

263 1018 459 1092 pronunciata'
480 1019 537 1073 und
555 1019 666 1074 enthtlt
684 1018 740 1078 aui,
750 1018 800 1094 der
818 1019 970 1074 Itdelrseite
985 1019 1033 1076 des
1047 1019 1211 1076 Titelblatts
1225 1021 1280 1077 den
1294 1021 1414 1080 Dedica-

263 1109 424 1179 tionsbriel‚
448 1108 502 1163 den
523 1105 569 1161 ich
587 1108 629 1162 als
645 1107 758 1162 aweites
777 1107 910 1179 Zeugniss
925 1108 1017 1163 seiner
1030 1108 1214 1181 Verbindung
1233 1110 1287 1165 mit
1302 1111 1415 1167 Werler

265 1198 399 1254 Ritschl's
417 1197 544 1252 Wunsch
562 1197 768 1268 entsprechend
786 1196 848 1253 hier
865 1201 952 1253 unten
971 1197 1131 1254 abdruckeu
1149 1199 1230 1255 lasse.
1268 1199 1298 1256 (l.
1317 1201 1377 1274 w.]

354 1339 534 1410 Tranquillus
552 1339 719 1396 Parthenius
738 1340 774 1394 M.
794 1340 862 1396 Vite
881 1340 1014 1397 Vuerlero
1034 1342 1095 1397 viro
1115 1298 1279 1397 doctissimo
1299 1344 1329 1397 01

696 1428 877 1501 integerrimo
897 1429 923 1486 S.
943 1431 976 1486 D.
1419 1395 1424 1438 ⁸

338 1536 410 1604 Quid
438 1535 555 1591 sentiam
579 1535 614 1591 de
638 1536 767 1607 Lipsensi
785 1535 950 1607 Gymnasio,
974 1554 991 1593 a
1014 1555 1069 1607 quo
1088 1556 1197 1595 summa
1214 1540 1417 1596 benevolentia

266 1625 456 1696 singularique
476 1626 581 1680 honore
600 1624 655 1681 tuis
669 1624 796 1696 inprimis
815 1624 1045 1683 attestationibus
1064 1629 1196 1698 exceptus
1212 1647 1282 1697 sum,
1301 1630 1331 1685 in
1346 1630 1416 1686 Ora·

266 1717 344 1772 tione
374 1732 459 1785 quam
485 1714 586 1770 nudius
614 1713 716 1770 tertius
745 1714 832 1770 habui
861 1715 895 1771 de
925 1715 1055 1772 laudibus
1084 1717 1262 1786 eloquentiae
1289 1720 1416 1776 breviter

267 1805 432 1876 significavi,
446 1803 573 1860 diffusius
588 1803 767 1873 oportuniore
781 1804 844 1859 loco
858 1821 950 1859 meam
964 1807 1086 1861 mentem
1101 1806 1303 1864 declaraturus.
1323 1808 1432 1876 Quam-

265 1895 380 1966 quidem
404 1893 560 1950 orationem
580 1894 703 1964 (tametsi
723 1893 822 1949 doctas
840 1910 921 1949 aures
940 1895 1112 1965 reformidat,
1130 1897 1206 1965 quod
1225 1897 1417 1969 obstrepenti·

266 1986 319 2040 bus
338 1983 403 2039 hinc
423 1983 488 2038 inde
506 1983 618 2037 rusticis
636 1984 751 2039 exarata
765 1985 817 2051 est)
831 1982 868 2037 ad
882 1985 911 2039 te
925 1983 1016 2053 mitto,
1031 2001 1087 2054 quo
1099 2002 1190 2056 nugas
1203 2002 1280 2042 meas
1294 1987 1418 2058 legendo

267 2075 369 2144 quibus
392 2074 460 2129 olim
483 2072 662 2128 delectabare
688 2073 778 2128 nostri
801 2071 965 2128 memoriam
984 2089 1106 2129 revoces.
1143 2074 1222 2129 Vale.
1260 2075 1302 2129 Ex
1320 2076 1419 2146 Lipsia

268 2163 335 2219 VIII
354 2162 447 2218 Galen.
469 2161 664 2232 Septembreis.

728 2476 872 2544 Anhang
894 2476 955 2532 111.

314 2611 404 2676 Drei
428 2610 579 2676 Probeu
602 2609 667 2676 der
690 2607 903 2695 Exegetica
925 2608 1111 2675 Werler's
1135 2611 1173 2676 in
1196 2611 1371 2701 Leipzig.

426 2788 450 2853 I.
487 2787 641 2854 Werler’s
664 2787 857 2873 Einleitdng
879 2788 960 2854 iiber
983 2788 1118 2854 Plautus
1142 2788 1259 2856 Leben.

307 2927 494 2999 (abgedruekt
518 2927 548 2981 in
576 2927 625 2983 der
648 2927 808 2982 Cistellaria
835 2931 890 2982 von
915 2935 996 2996 1⁶123
1024 2928 1253 2998 eingeschrieben
1278 2932 1308 2987 iu
1335 2933 1382 2990 ein

495 3017 666 3072 Mdnchener
685 3018 835 3087 Exemplar
853 3017 902 3072 des
922 3017 1003 3074 Miles
1020 3035 1075 3074 von
1095 3023 1175 3089 1514)

692 3177 727 3231 M.
747 3177 880 3233 PLAVTI
901 3178 997 3233 VITA.

340 3303 377 3357 M.
400 3302 516 3356 Plautus
543 3301 638 3371 patria
656 3301 783 3356 Sarsiuas
802 3301 856 3356 fuit
874 3318 906 3355 er
927 3302 1050 3371 Vmbria,
1074 3304 1150 3372 quod
1168 3304 1228 3374 ipse
1247 3305 1281 3361 de
1301 3324 1331 3363 se
1350 3309 1418 3365 insi·

270 3396 341 3448 0001
364 3392 394 3447 in
419 3391 516 3446 fabula
534 3390 723 3458 Mostellaria,
746 3392 775 3445 et
796 3388 847 3445 alii
865 3392 974 3446 veteres
993 3391 1115 3447 tradunt.
1153 3393 1271 3451 Constat
1289 3413 1353 3452 eum
1372 3399 1418 3454 bis

272 3480 445 3553 temporibus
464 3479 570 3534 Romae
588 3478 703 3547 vixisse,
727 3480 812 3548 atque
830 3478 860 3533 iu
879 3496 980 3536 scaeua
997 3481 1162 3552 prestitisse,
1181 3484 1282 3552 quibus
1300 3485 1331 3541 in
1349 3487 1417 3544 eivi-

273 3573 333 3627 tatc
351 3570 420 3626 Pub.
441 3567 545 3639 Scipio,
568 3567 683 3623 Fulvius
701 3568 832 3624 Nobilior
850 3571 880 3624 et
897 3571 934 3624 M.
954 3570 1023 3626 Cato
1043 3569 1211 3627 excellentes
1229 3573 1321 3630 habiti
1343 3580 1417 3632 sunt

272 3659 387 3731 ingenio
403 3650 569 3728 'perurbano
592 3656 648 3712 fuit
667 3659 695 3713 01
713 3658 832 3713 maxime
852 3657 962 3729 festivo,
981 3659 1056 3728 quod
1077 3677 1141 3715 oum
1160 3661 1217 3716 alia
1234 3664 1327 3720 multa
1344 3665 1416 3720 indi·

272 3752 345 3817 cant,
365 3751 425 3804 tum
444 3745 577 3802 Comedie
599 3745 686 3817 ipsius
705 3747 788 3817 plene
806 3747 987 3803 iocunditatis
1005 3765 1039 3803 00
1058 3747 1194 3819 leporum.
1231 3750 1334 3807 Relata
1352 3757 1417 3809 sunt

272 3841 308 3895 ab
336 3840 368 3892 A
394 3835 487 3892 Gellio
513 3835 659 3905 complura
687 3834 717 3890 iu
743 3835 837 3891 atticis
861 3837 992 3892 noctibus
1016 3836 1051 3892 de
1077 3836 1232 3893 eruditione
1258 3842 1288 3895 et
1313 3841 1417 3898 fabulis

196 3946 202 3959 ·
272 3926 410 3982 Plautinis
435 3943 468 3981 ex
492 3925 661 3980 auctoritate
680 3925 717 3980 M.
736 3924 883 3995 Varronis,
906 3925 955 3994 qui
973 3926 1104 3982 Plautum
1123 3926 1172 3995 ait,
1191 3946 1254 3983 cum
1273 3935 1419 4001 erogasset

272 4033 382 4071 omnem
413 4014 561 4085 pecuniam
588 4014 618 4067 in
646 4012 762 4068 scenicis
781 4014 960 4084 ornamentis,
988 4016 1024 4070 ad
1053 4033 1199 4070 summam·
1222 4022 1418 4089 paupertatem

273 4104 360 4159 luisse
384 4103 542 4170 redactum,
568 4117 656 4171 eaque
679 4100 788 4156 ratione
812 4101 842 4156 in
864 4103 961 4158 urbem
985 4103 1113 4173 rediisse,
1139 4108 1169 4160 01
1187 4123 1300 4175 operam
1319 4109 1419 4180 pistori

272 4195 380 4250 locasse
399 4191 436 4246 ad
455 4191 561 4246 victum
580 4190 799 4260 comparandum
817 4191 861 4246 his
885 4192 967 4247 molis
989 4193 1218 4264 circumagendis,
1242 4214 1312 4266 quas
1330 4200 1419 4255 trusa·

272 4283 337 4338 tiles
363 4282 478 4348 vocant,
509 4280 695 4350 Hieronymus
722 4280 868 4336 manuales
893 4283 1057 4352 appellavit.
1096 4284 1133 4338 m
1156 4302 1219 4339 cum
1245 4285 1420 4356 aliquamdiu

273 4372 303 4426 in
320 4368 442 4440 pistrino
465 4371 637 4438 versaretur,
660 4369 765 4425 ibidem
787 4369 899 4426 fabulas
921 4371 1032 4442 aliquot
1054 4372 1157 4428 dicitur
1180 4375 1421 4445 composuissent

274 4461 450 4518 Saturionem
475 4460 504 4513 et
526 4458 685 4514 Addictum.
722 4459 760 4515 M.
784 4460 873 4516 Varro
901 4459 930 4514 in
959 4461 1033 4517 libro
1059 4462 1094 4518 de
1117 4463 1256 4519 Plautinis
1284 4466 1419 4522 comediis
