2986 5010
465 357 724 406 nununsurorus
746 358 952 405 parvumne.
1225 343 1287 406 421

142 521 220 563 num
244 499 355 565 luxata
378 501 524 565 membra
547 523 612 566 non
632 502 740 585 inepte
759 501 822 566 hoc
840 501 988 584 exemplo
1007 503 1289 568 reconcinnentur:

231 641 345 726 Neque
369 641 465 708 Salus
489 644 627 727 serrare,
650 644 679 708 si
701 645 781 728 uolt,
805 647 856 709 me
878 647 1001 730 potest:
1025 666 1084 709 nec
1107 645 1233 729 copiast

232 749 299 832 [Me
327 750 551 834 expediundi]
582 748 646 815 nisi
679 752 707 815 si
738 753 894 817 astutiam
925 751 1067 836 siliquam
1098 751 1193 816 corde
1224 755 1290 817 rna·

782 860 905 925 chinor.

232 965 345 1049 Quam,
364 965 508 1030 malum?
527 965 604 1049 quid
624 966 800 1051 machiner,
819 967 894 1051 quid
909 967 1145 1050 comminiscar,
1163 966 1289 1032 haereo.
1305 993 1408 1034 ccxxx

233 1069 333 1152 [Nisi]
357 1092 461 1157 nugas
485 1072 703 1156 ine'ptias[que
728 1072 806 1153 iarn]
831 1071 985 1156 incipisso
1010 1075 1186 1139 maxumas.

142 1216 217 1280 Nisi
235 1215 254 1279 i.
271 1236 296 1279 e.
317 1214 392 1279 ‘nisi
411 1215 496 1299 quod
516 1220 638 1280 certum
659 1220 709 1280 est
727 1217 883 1281 maximas
903 1239 953 1281 me
972 1239 1077 1305 nugas
1097 1221 1130 1281 et
1148 1217 1288 1301 ineptias

141 1320 354 1406 incipissere',
387 1343 452 1387 non
485 1322 617 1388 insolito
650 1324 717 1388 eius
750 1324 928 1407 particulae
961 1347 1029 1389 usu.
1082 1323 1204 1401 Quodsi
1237 1325 1287 1389 cui

141 1430 258 1511 copiast
286 1450 393 1493 carere
417 1451 513 1512 posse
542 1430 693 1515 genetivo
722 1429 898 1508 videbitur,
926 1431 1061 1496 alterum
1091 1452 1219 1495 versum
1242 1430 1288 1496 sic

140 1536 311 1600 restituere
329 1536 463 1618 poterit:
489 1537 563 1601 Nisi
584 1538 613 1601 si
635 1536 701 1600 ‘irim
725 1540 789 1619 [epo
812 1538 962 1618 astutum]
987 1540 1135 1603 caritura
1158 1561 1187 1603 u.
1205 1560 1229 1602 c.
1248 1561 1287 1603 m.

140 1641 316 1727 Postquam
341 1641 442 1727 igitur
465 1644 526 1709 hoc
551 1666 678 1729 quoque
703 1646 883 1728 exemplum
909 1651 1068 1710 remotum
1098 1648 1160 1728 est,
1188 1668 1287 1710 unum

143 1749 220 1834 (nisi
243 1749 327 1833 quod
351 1772 402 1813 me
426 1747 524 1835 fugit)
553 1755 702 1835 superest
725 1775 742 1815 e
765 1751 914 1816 Rudente
943 1753 1051 1816 afferri
1076 1752 1208 1817 solitum
1231 1751 1287 1830 IV,

144 1859 172 1940 7,
196 1859 252 1921 22:

230 1999 396 2085 Eg0,n1'si
421 2023 518 2085 quom
543 2000 615 2079 lusi,
639 1999 684 2065 nil
709 2023 818 2067 moror
841 2002 944 2067 ullum
967 2003 1104 2067 lucrum:

137 2166 213 2208 nam
245 2145 308 2208 uisi
340 2166 399 2227 pro
430 2144 508 2207 neila·
537 2144 742 2208 scribendum
774 2167 844 2209 esse
874 2145 1012 2210 Bothius
1045 2145 1133 2209 vidit.
1184 2146 1285 2222 Quem

139 2273 265 2315 versum
291 2256 324 2315 et
345 2250 474 2316 Reizius
504 2250 586 2314 male
611 2251 778 2329 tractavit,
800 2273 859 2315 nec
883 2250 999 2315 melius
1024 2255 1220 2316 tractaturus
1244 2253 1288 2317 sit

138 2359 192 2443 qui
216 2359 267 2423 vel
290 2360 338 2424 m'l
361 2359 460 2423 ullum
479 2378 582 2421 rusoror
601 2358 720 2421 lucram
739 2358 790 2423 vel
809 2360 931 2423 niallam
949 2360 1027 2423 nuti
1046 2380 1148 2424 moror
1167 2361 1287 2424 latarum

138 2470 307 2550 proponat.
353 2464 428 2530 Non
458 2466 521 2529 levi
553 2469 660 2529 autem
690 2465 770 2528 mihi
800 2466 972 2530 offensioni
1000 2488 1069 2530 esse
1093 2466 1200 2549 ipsum
1225 2468 1286 2532 lust

139 2573 316 2655 perfectum
335 2572 455 2638 fateor:
481 2594 539 2656 pro
563 2594 627 2656 quo
652 2574 723 2637 ludo
747 2573 856 2656 potius
880 2573 931 2636 vel
956 2574 1062 2637 lactura
1088 2573 1136 2637 vel
1160 2574 1286 2639 luserim

137 2684 349 2763 exspectetur.
396 2679 599 2763 Quapropter
627 2680 793 2762 persanari
822 2679 914 2743 illum
938 2678 1135 2744 versiculum
1164 2680 1210 2744 sic
1234 2681 1285 2745 de·

137 2809 225 2851 mum
249 2788 404 2853 arbitror:

227 2931 309 3016 Ego,
332 2928 396 2995 nisi
420 2952 518 3014 quom
543 2931 645 3012 lustru,
668 2928 717 2993 nil
741 2951 841 2994 errorer
864 2929 965 2994 ullum
990 2930 1123 2994 lucrum.

139 3073 224 3137 Nam
256 3073 283 3138 si
313 3095 436 3156 veram,
463 3095 520 3137 cur
550 3072 725 3156 producere
756 3073 864 3153 loprrar
890 3073 1032 3154 licuerit,
1064 3094 1130 3138 non
1158 3073 1285 3139 licuerit

137 3181 255 3263 loquor,
283 3202 431 3246 caussam
461 3201 561 3264 supra
584 3180 792 3263 investigavi,
820 3180 916 3244 huius
946 3179 1075 3264 quidem
1099 3181 1164 3244 vim
1188 3180 1284 3246 facile

136 3287 338 3372 intellegitur
362 3287 460 3352 etiarn
485 3288 524 3351 ad
549 3299 635 3351 auter
658 3291 692 3351 et
713 3300 852 3369 sequerer
874 3288 1045 3371 pertinere,
1069 3290 1144 3372 quie
1167 3289 1208 3352 ab
1233 3290 1283 3354 his

139 3396 253 3459 emeris
288 3397 321 3457 et
352 3396 518 3476 &quoeris
554 3401 588 3460 et
620 3393 771 3458 similiter
803 3397 908 3457 cetere
940 3393 1030 3457 fiunt.
1081 3393 1282 3479 Quemquam

136 3502 282 3585 exempla
306 3501 385 3565 mihi
409 3523 494 3565 nunc
517 3501 614 3566 unius
643 3523 681 3565 or
708 3500 853 3584 syllabae
883 3501 916 3564 iu
944 3504 1097 3584 promptu
1127 3506 1217 3583 sunt,
1245 3501 1283 3564 de

137 3609 227 3673 cuius
251 3608 462 3692 productione
486 3609 700 3685 verissimum,
724 3612 762 3671 ut
784 3608 850 3671 iem
871 3611 1014 3691 apparet,
1038 3629 1167 3672 sensum
1188 3630 1282 3673 auum

135 3716 231 3781 nobis
255 3716 462 3780 Hermannus
487 3716 563 3781 olim
589 3715 794 3801 significavit,
818 3719 1088 3779 commemoratus
1111 3737 1131 3779 a
1155 3737 1205 3779 rne
1225 3714 1283 3779 Pa·

135 3844 252 3908 rergon
276 3846 306 3908 p.
329 3823 404 3888 493.
428 3821 528 3888 (luins
553 3823 592 3887 de
615 3821 710 3887 Most.
734 3820 796 3905 ΙΙΙ,
822 3823 853 3905 1,
878 3822 920 3885 93
944 3820 1111 3902 iudicium,
1140 3843 1203 3905 quo
1227 3821 1282 3885 ille

135 3929 220 3994 hanc
244 3930 439 4014 scripturam
463 3930 721 3994 commendabat:

225 4052 383 4119 Perfatcile
407 4076 467 4140 ego
491 4057 574 4119 ictus
594 4055 751 4137 perpetior
775 4055 993 4140 arge'nteos*),

134 4219 220 4263 nunc
244 4197 375 4283 reliquis
400 4220 480 4282 quae
505 4196 591 4263 infre
615 4197 709 4282 posui
734 4198 889 4281 exemplis
914 4199 1137 4263 confirmatum
1163 4201 1279 4284 accipe.

134 4304 179 4368 Et
203 4305 450 4389 Amphitruonis
474 4305 603 4389 quidem
627 4303 707 4388 prol.
731 4327 758 4368 v.
780 4304 822 4368 38
1295 4340 1414 4380 mm

225 4482 252 4547 *)
272 4480 315 4550 [ln
330 4480 452 4536 editione
467 4480 637 4536 Ritschelins
657 4481 797 4549 perpetior
815 4480 950 4550 reposuit:
971 4481 1005 4535 cf.
1021 4499 1040 4552 p
1063 4488 1113 4535 417
1128 4483 1279 4554 annot.**.]
