2910 5010
343 349 643 401 aaarunnrronnn
666 353 739 400 uno
762 334 971 400 lnnnrcnns.
1166 331 1228 399 721

229 583 259 670 r)
282 584 338 649 lm
361 584 604 651 Prooemium
628 586 693 651 des
717 585 975 652 Sommersem.
1002 586 1087 650 1856

356 725 495 814 (quaest.
518 730 739 813 onomatolog.
763 727 957 813 Plautinae).

174 870 296 935 Verum
320 871 400 934 satis
425 876 474 935 est
496 893 666 957 nugarum,
690 894 886 956 quamquam
910 871 944 935 in
963 891 1080 955 genere
1098 892 1162 935 non
1182 870 1228 934 in·

82 979 247 1043 fructuoso
280 998 448 1061 nugarum.
495 978 588 1055 Quod
622 983 659 1043 ut
693 980 740 1043 ita
770 1001 840 1043 esse
873 978 965 1043 vobis
997 977 1230 1062 persuadeatis,

83 1088 290 1167 mementote,
314 1085 552 1151 commilitones
577 1085 752 1167 carissimi,
777 1084 862 1170 quod
886 1084 941 1148 diu
965 1088 1015 1148 est
1037 1107 1110 1148 cum
1134 1083 1229 1168 longe

84 1191 261 1256 clarissimi
279 1193 329 1256 vir
348 1197 380 1255 ct
398 1192 539 1257 nominis
559 1196 592 1257 et
611 1192 749 1276 exempli
769 1192 1000 1277 pronuntiavit,
1014 1213 1080 1254 non
1100 1191 1229 1255 aliunde

82 1299 218 1364 discidia
245 1300 281 1363 in
308 1299 405 1364 rebus
434 1288 531 1383 longe
560 1300 760 1385 gravissimis
784 1299 923 1383 pendere
946 1298 1009 1361 uisi
1034 1298 1076 1362 ab
1100 1297 1226 1382 ignora-

80 1407 172 1471 tione
197 1405 440 1490 grammaticae.
485 1405 610 1472 Valete.

576 1641 735 1649 —————

227 1814 257 1903 s)
280 1816 335 1881 lm
358 1816 601 1883 Prooemium
624 1818 689 1882 des
713 1815 975 1882 Sommersem.
1002 1816 1085 1881 1857

244 1956 296 2042 (de
321 1958 476 2044 Aeschyli
499 1959 535 2023 in
558 1957 687 2044 Septem
712 1959 857 2023 versibus
877 1955 1078 2043 254-261).

171 2099 232 2165 His
261 2101 399 2165 feliciter
427 2105 463 2165 ut
491 2124 659 2187 speramus
688 2103 738 2166 vel
768 2101 882 2165 saltem
912 2104 1064 2185 optamus
1086 2101 1228 2184 peractis

81 2212 232 2291 superest
260 2212 297 2273 ut
324 2208 478 2273 instantis
508 2196 644 2273 ae'statis
672 2208 790 2273 studiis
818 2207 950 2291 vestris,
983 2207 1229 2294 commilitones,

81 2315 301 2379 institutionis
335 2316 536 2380 academicae
569 2315 766 2380 luculentam
798 2313 981 2378 ubertatem
1015 2313 1107 2379 illam
1145 2336 1229 2380 com-

80 2421 269 2486 mendemus
299 2444 395 2506 quam
426 2422 645 2486 subiectarum
675 2422 862 2487 tabularum
892 2421 1034 2486 varietas
1066 2443 1228 2487 common·

81 2531 176 2611 strat,
200 2529 229 2593 ei
253 2533 363 2593 autem
387 2530 659 2595 commendationi
683 2530 820 2594 alteram
842 2529 926 2594 hanc
946 2529 1106 2595 sociemus
1125 2529 1229 2613 ipsius

81 2636 243 2721 prooemii
266 2636 370 2701 nostri
394 2636 507 2700 ducem
531 2639 628 2720 atque
651 2637 821 2720 comitem,
843 2658 907 2719 qua
931 2657 1048 2701 nervos
1072 2634 1228 2700 contineri

80 2742 111 2806 si
136 2764 200 2805 non
225 2743 403 2826 sapientiae
428 2746 463 2807 at
484 2742 729 2825 intellegentiae
752 2740 878 2806 Siculus
902 2746 1000 2824 poeta
1023 2742 1119 2805 dixit:
1143 2745 1227 2820 νᾶφε

81 2849 138 2914 καὶ
162 2848 289 2927 μέμνα(’
308 2848 459 2929 ἀπιετεῑν,
482 2847 584 2928 ἄρθρα
607 2853 708 2912 ταῦτα
730 2852 796 2913 τῶν
820 2853 960 2929 φρενῶν.
1002 2847 1126 2912 Valete.

576 3072 736 3101 ——‘·‘'‘

227 3260 255 3346 t)
279 3260 333 3324 lm
356 3258 600 3325 Prooemium
622 3260 687 3325 des
712 3257 975 3325 Sommersem.
1002 3258 1084 3324 1858

278 3400 487 3489 (epimetrum
512 3402 550 3466 de
574 3401 732 3467 Varronis
756 3398 1037 3487 hebdomadibus).

68 3555 85 3583 ⁹
174 3543 236 3610 Sed
259 3547 339 3610 satis
363 3549 396 3610 et
420 3547 597 3630 scripturae
622 3549 672 3610 est
695 3549 728 3610 et
750 3545 962 3610 coniecturae.
995 3542 1084 3619 Quae
1103 3542 1129 3607 si
1149 3543 1226 3607 talis

80 3676 155 3719 esse
184 3652 423 3718 existimabitur
450 3675 546 3737 quae,
580 3656 653 3716 utut
680 3656 794 3737 suapte
822 3656 940 3717 natura
962 3650 1116 3736 ambigua
1139 3654 1172 3714 et
1195 3650 1228 3713 in

78 3759 207 3826 lubrico
231 3780 349 3844 genere
371 3759 509 3843 lubrica,
532 3780 591 3822 nec
615 3763 736 3823 temere
760 3758 940 3822 harioletur
963 3780 1022 3821 nec
1044 3757 1228 3841 petulanter

79 3866 266 3949 cavilletur,
298 3865 380 3930 satis
413 3887 483 3930 esse
516 3865 678 3931 consecuti
711 3865 806 3929 nobis
840 3863 1029 3928 videbimur.
1076 3862 1227 3928 Ceterum

78 3996 142 4039 vos
167 3973 270 4037 valete
290 3977 331 4057 et,
355 3976 513 4057 quantum
531 3994 589 4056 per
607 3971 766 4036 rationem
786 3971 870 4054 licet,
894 3974 981 4033 certa
998 3970 1108 4054 potius
1128 3991 1225 4054 quam

78 4081 210 4145 incerta
233 4080 412 4144 sectamini.

578 4258 737 4267 -.--.-..-.

140 4471 182 4507 Ηὶ.
201 4472 349 4507 mrscnnmr
369 4470 501 4507 OPVSCVLA
520 4471 545 4506 V.
