2992 5004
261 333 327 400 380
546 347 809 397 rnonneonnur
834 349 880 394 nn
903 347 1115 397 nrmoumvs

206 569 210 574 ⁴
262 499 295 560 et
321 493 482 560 sententia
511 498 544 559 et
568 514 643 558 vero
666 515 817 558 versuum
842 493 1043 578 computatio
1067 491 1244 577 deperditis
1269 489 1410 556 Ambro-

262 602 346 668 siani
375 602 571 667 membranis
601 600 917 686 comprehensorum.
962 600 1055 666 Nihil
1084 599 1225 666 editores
1256 598 1411 663 viderunt

261 708 565 795 amnem

350 851 413 919 sed
437 855 540 920 amica
563 876 636 919 mea
659 860 692 920 et
714 855 865 921 triadum
889 856 997 939 comit,
1020 855 1097 920 dum
1120 874 1154 919 se
1178 854 1329 935 exornat,
1352 851 1411 914 nos

1113 961 1187 1026 uolo

350 1069 474 1134 Tamen
501 1069 610 1134 ludere
638 1068 724 1135 inter
750 1092 820 1135 nos:
857 1073 1037 1154 strategum
1065 1070 1097 1134 16
1125 1068 1209 1134 1661ο
1234 1066 1313 1132 huic
1338 1088 1412 1131 con·

1002 1240 1004 1244 ,
1112 1197 1214 1241 muro:

261 1321 316 1385 ubi
348 1343 411 1386 uno
442 1320 548 1385 deleto
579 1325 693 1399 tomen,
726 1321 810 1406 quod
841 1343 858 1386 6
888 1346 917 1387 r.
944 1323 983 1387 13
1012 1321 1174 1386 invectum
1203 1321 1255 1383 est
1278 1320 1412 1402 praeter

260 1427 420 1492 rationem
440 1428 630 1511 sententiae,
649 1429 760 1493 omnia
778 1429 967 1512 expedieris.
1000 1428 1168 1494 Postremo
1187 1427 1244 1511 qui
1263 1424 1411 1510 aliquem

261 1556 391 1599 sensum
421 1535 648 1600 concinnitatis
671 1535 805 1620 habeat,
832 1559 898 1602 non
927 1536 1079 1601 admittet
1107 1535 1223 1618 opinor
1246 1554 1305 1598 nos
1328 1534 1412 1597 inter

260 1641 342 1708 alids
365 1640 461 1707 Poen.
484 1639 525 1726 V,
548 1644 583 1724 4,
607 1643 663 1728 22,
696 1643 751 1707 sed
774 1643 943 1708 lenissima
964 1642 1219 1728 transpositione
1243 1641 1343 1705 metri
1367 1640 1412 1704 le·

259 1749 356 1837 gibus
380 1749 426 1815 sic
449 1749 607 1815 consulet:

327 1892 419 1959 Sicut
442 1915 502 1959 nos
526 1893 622 1958 hodie
646 1894 729 1959 inte‘r
752 1895 834 1960 alias
858 1892 1082 1978 praestitimus
1106 1892 1338 1977 pulcritudine.

348 2036 494 2120 Brevius,
518 2036 545 2102 si
568 2040 714 2121 potuero,
739 2038 906 2103 absolvam
931 2042 1048 2120 cetera,
1070 2039 1244 2121 postquam
1264 2036 1349 2100 satis
1375 2039 1412 2100 ut

259 2148 338 2229 puto
368 2166 432 2209 uno
461 2143 610 2228 exemplo
639 2146 759 2229 patuit,
791 2168 889 2230 quam
918 2145 1052 2230 longum
1081 2144 1179 2209 sitin
1202 2143 1266 2208 hoc
1291 2165 1412 2229 genere

260 2251 391 2336 singula
419 2251 588 2316 exhaurire
617 2272 690 2316 cum
718 2251 910 2337 pulvisculo.
955 2251 1005 2315 Ao
1031 2250 1070 2314 de
1097 2270 1222 2332 nempe
1243 2250 1412 2334 particula

260 2357 322 2421 etsi
351 2360 384 2421 et
412 2362 500 2423 certa
527 2381 578 2424 res
603 2363 653 2423 est
677 2363 710 2423 et
732 2360 847 2423 erebra
870 2359 1031 2443 exempla,
1063 2363 1174 2422 tamen
1196 2356 1411 2422 Trinummus

260 2462 388 2549 quidem
415 2486 481 2529 non
514 2470 683 2552 quattuor,
714 2489 795 2551 quae
823 2467 965 2551 videtur,
992 2467 1048 2532 sed
1077 2488 1176 2531 unum
1200 2468 1331 2530 tantum
1357 2487 1410 2529 ue-

261 2572 385 2657 glectae
408 2573 581 2658 positionis
601 2575 784 2658 exemplum
802 2578 949 2658 praestat
967 2597 995 2639 v.
1007 2574 1070 2639 427
1096 2574 1214 2656 Nempe
1235 2572 1315 2654 qaus
1338 2593 1408 2654 spc-

254 2681 365 2762 pondi:
391 2680 530 2746 alterum
550 2704 578 2746 v.
594 2682 668 2765 328,
688 2682 773 2767 quod
793 2682 858 2747 iam
878 2704 906 2764 p.
922 2681 1108 2762 LXV1[324]
1128 2680 1309 2766 tetigimus,
1333 2702 1408 2745 cum

132 2803 244 2844 cxxxn
258 2786 475 2853 Ambrosiano
499 2787 702 2853 sustulimus:
725 2788 857 2854 tertium
881 2811 909 2852 r.
936 2789 998 2854 196
1027 2788 1133 2870 nempe
1155 2788 1241 2870 upted
1263 2787 1333 2864 tc'st,
1358 2787 1410 2851 cui

258 2897 408 2979 quartum
428 2897 541 2959 nostra
560 2895 746 2959 coniectura
763 2895 900 2960 accessit
918 2918 946 2959 v.
957 2896 997 2960 61
1011 2895 1082 2976 [60]
1101 2916 1207 2977 nempe
1224 2895 1323 2978 enim,
1342 2917 1410 2960 non

257 3001 342 3066 hanc
364 3001 474 3086 potius
499 3001 621 3067 habent
639 3024 740 3094 ,quam
764 3002 864 3067 aliam
888 3001 1050 3086 quandam
1073 3000 1253 3084 licentiam,
1278 3001 1317 3065 de
1343 3023 1409 3086 qua

258 3130 316 3174 suo
340 3107 412 3173 loco
436 3107 570 3173 dicetur.
591 3146 632 3154 -
656 3108 826 3174 Postremo
850 3109 888 3174 de
912 3109 1029 3174 imnis
1051 3131 1118 3173 non
1141 3113 1191 3173 est
1214 3107 1283 3173 ullo
1308 3108 1408 3174 modo

257 3214 480 3281 dubitandum.
527 3213 659 3280 Certum
690 3219 740 3281 est
769 3216 804 3280 in
833 3215 1024 3281 Trinummo
1056 3214 1236 3300 exemplum
1269 3237 1298 3278 v.
1331 3215 1409 3298 621,

259 3343 354 3406 quem
378 3322 494 3387 misere
518 3321 729 3406 pessumdant
752 3324 807 3408 qui
831 3323 925 3388 aliter
948 3344 1045 3407 quam
1069 3323 1116 3387 sic
1139 3321 1332 3385 metiuntur:

348 3462 434 3541 Quoi
454 3467 545 3530 tuam
569 3488 667 3551 quom
691 3468 759 3530 rem
782 3465 965 3549 credideris,
988 3463 1094 3550 sine*)
1119 3463 1206 3528 omni
1230 3484 1309 3528 cura
1334 3463 1407 3528 (161-

1110 3592 1207 3635 m1as:

258 3703 357 3783 atque
389 3698 473 3763 hane
506 3698 613 3783 ipsam
648 3698 894 3764 collocationem
928 3697 1101 3762 verborum
1131 3694 1204 3780 (pro
1232 3696 1301 3760 sinc
1331 3718 1409 3761 cura

257 3804 356 3890 omne)
380 3807 413 3868 et
436 3802 667 3870 Terentianum
692 3804 770 3870 illud
795 3808 904 3870 tuetur
928 3803 1029 3869 Andr.
1052 3803 1093 3889 II,
1108 3805 1137 3887 3,
1155 3804 1194 3867 11
1218 3801 1296 3868 Sine
1320 3803 1410 3869 dmni

252 3912 376 3995 paulo,
401 3915 433 3975 et
456 3911 525 3996 ipse
549 3910 684 3976 Plautus
709 3910 782 3976 Aul.
804 3910 861 3995 IV,
883 3913 909 3994 l,
929 3912 984 3976 20:

346 4053 443 4119 Nunc
467 4055 536 4119 sine
559 4055 647 4120 omni
671 4053 851 4139 suspitione
876 4055 908 4118 in
933 4056 990 4118 ara
1012 4052 1065 4117 hio
1089 4051 1236 4118 adsidam
1261 4075 1365 4120 sacra.

258 4197 425 4263 Accedunt
448 4219 514 4263 non
537 4197 644 4262 minus
670 4201 757 4263 certa
780 4197 855 4283 alia,
877 4197 996 4282 partim
1021 4218 1038 4260 6
1061 4216 1210 4261 versuum
1234 4196 1408 4282 principiis

258 4308 295 4368 ut
317 4303 399 4369 Rud.
422 4305 447 4389 I,
473 4308 501 4389 l,
524 4306 553 4370 5.
590 4304 629 4389 V,
655 4307 682 4389 l,
706 4305 739 4369 5:

365 4479 391 4547 *)
411 4477 465 4550 [Of.
487 4479 587 4548 Opnse.
607 4480 677 4548 phil.
696 4481 734 4533 111
753 4498 780 4550 p.
801 4486 851 4534 131
871 4477 1009 4534 61Ττὶιι.Ξ
1027 4496 1091 4533 ann.
1111 4477 1147 4533 ad
1165 4495 1191 4533 v.
1211 4477 1287 4548 621]
