2986 5010
418 371 685 422 nunnnrrrours
710 370 917 421 Pnavmsnr.
1179 354 1245 420 463

95 542 246 605 respuere
270 520 378 586 solent
401 526 470 584 tum
494 520 598 584 multo
622 519 727 602 magis
747 541 802 584 eae
822 541 904 603 quae
923 518 1156 602 paenultimam
1176 518 1244 582 lon-

96 650 172 714 gam
195 628 326 693 habent.
361 626 425 691 Vel
448 649 495 710 eo,
519 627 603 711 quod
628 627 705 691 talis
728 632 879 692 accentus
903 626 936 689 in
960 631 1111 710 quartum
1130 624 1243 708 pedem

94 737 263 799 incasurus
297 735 356 817 sit,
393 734 473 798 satis
508 737 658 817 suspecta
692 734 950 818 septenariorum
987 733 1066 797 baec
1099 732 1246 814 exempla

96 848 173 906 sunt
196 842 285 907 Trin.
308 841 383 905 306.
410 841 503 906 1016.
528 839 596 905 Mil.
620 839 662 924 ll,
685 843 715 918 2,
741 843 796 905 71:

184 959 301 1048 lltrum
326 984 413 1048 itane
436 984 672 1065 memordit,
696 987 828 1048 utcum
854 984 982 1048 inimus
1007 1005 1143 1067 aequom
1173 985 1245 1047 ce'n-

896 1095 982 1156 seat:

185 1197 378 1284 Gurguliost
406 1199 566 1282 metator,
595 1198 623 1261 is
646 1198 732 1263 hunc
755 1198 922 1262 hominem
946 1198 1113 1262 cursurrim
1137 1197 1244 1263 docet:

185 1305 311 1389 ltdperi
334 1306 568 1387 comminiscere]
593 1304 670 1368 cedo
694 1303 834 1368 odlidum
858 1305 1030 1368 consilium
1054 1306 1133 1369 cito:

98 1431 216 1514 quibus
240 1431 384 1495 senarius
409 1429 532 1494 accedit
555 1427 624 1493 Mil.
647 1428 671 1512 l,
698 1430 725 1513 1,
748 1430 805 1494 27:

191 1554 273 1632 Quid
297 1554 507 1619 brdochium?
539 1552 623 1617 Illud
645 1555 747 1618 dicero
766 1552 864 1636 uolui,
889 1554 1002 1618 femur.

99 1680 243 1756 Quorum
275 1680 382 1763 primo
415 1702 474 1765 pro
507 1680 626 1744 cretico
657 1682 727 1743 esse
758 1701 853 1763 posse
883 1680 1023 1757 orouelil,
1055 1680 1157 1746 altero
1187 1705 1244 1767 pro

96 1788 226 1871 epitrito
249 1789 397 1853 moritur
420 1810 519 1872 supra
541 1786 682 1852 vidimus
706 1810 736 1870 p.
757 1804 914 1851 onxxxm
939 1787 1033 1870 [423]
1057 1791 1090 1850 et
1114 1804 1245 1853 cuxx1v

99 1894 208 1977 [416]:
235 1895 332 1960 tertio
367 1895 418 1959 vix
446 1894 658 1959 dubitandum
689 1894 767 1977 quin
798 1893 924 1978 syllaba
956 1894 1124 1978 exciderit,
1156 1897 1246 1961 velut

95 2002 328 2083 comminrsoere,
346 2002 415 2066 ce'do
429 2003 473 2066 sis
494 2001 629 2065 culidem
652 2022 675 2064 c.
690 2021 727 2082 r.;
746 1999 784 2064 de
805 2004 931 2084 quarto,
955 2000 1010 2084 qui
1028 2002 1126 2066 etiam
1147 2004 1244 2067 aliam

97 2110 138 2173 ob
164 2131 311 2174 caussam
335 2113 519 2192 suspectus,
542 2130 626 2172 nunc
649 2107 838 2193 amplianda
861 2107 1086 2194 disputatio.*)
1133 2108 1245 2174 Simile

97 2217 278 2299 exemplum
300 2217 406 2281 audiet
431 2215 519 2280 bodie
547 2215 642 2279 aliter
664 2216 870 2299 interpretati
895 2239 1007 2281 sumus
1030 2240 1060 2301 p.
1085 2233 1244 2281 cnxxxln

97 2324 200 2407 [loll
233 2324 374 2389 Facilius
394 2322 493 2387 etiam
513 2323 652 2387 sentitur
670 2344 727 2387 cur
746 2323 826 2387 talia
845 2322 990 2408 fugerint
1011 2328 1127 2409 poetae
1151 2325 1245 2407 quale

96 2438 147 2497 est
168 2433 313 2496 de'corare‘
331 2431 416 2495 uolo:
440 2430 557 2514 quibus
581 2433 691 2494 tamen
715 2452 777 2493 non
803 2429 1032 2495 eonferendum
1052 2432 1136 2515 quod
1156 2430 1244 2496 Trin.

99 2540 164 2603 320
187 2543 307 2604 exstat:

185 2680 356 2762 Bencfuctd
380 2679 557 2745 beneftetis
582 2680 654 2744 aliis
699 2731 1200 2763 .........

98 2824 147 2887 vel
181 2823 283 2888 sicubi
315 2823 479 2886 moledictd
511 2823 706 2905 reperiatur:
739 2845 812 2886 oum
840 2822 920 2887 haec
949 2823 1062 2888 eodem
1090 2824 1158 2888 iure
1186 2845 1245 2907 pro

99 2930 171 2994 bene
191 2930 286 3013 sacto,
308 2929 389 2993 male
411 2931 493 2993 dicta
516 2929 620 3013 accipi
643 2929 779 3011 possint.
825 2927 886 2992 Sed
915 2930 949 2994 in
972 2929 1078 2993 Milite
1102 2930 1245 3013 glorioso

97 3057 156 3100 nec
188 3034 388 3100 Prodemus
419 3036 520 3117 olrbui
551 3057 667 3099 sanum
699 3039 750 3099 eet
773 3034 829 3118 lv,
854 3037 891 3119 4,
914 3036 1028 3122 45**),
1051 3059 1111 3101 nec
1133 3036 1192 3119 Ill,
1219 3042 1246 3120 1,

102 3140 238 3226 106***)
261 3142 317 3206 Me
338 3143 438 3206 πέπονθ’
451 3142 631 3224 prolatent:
660 3142 745 3226 quod
773 3165 837 3206 non
867 3143 900 3206 in
924 3144 1001 3207 Me'd
1027 3165 1123 3209 uxore
1139 3144 1246 3226 prolet-

98 3252 167 3314 bent
188 3248 380 3314 mutandum
403 3249 540 3334 ridetur,
563 3249 619 3313 sed
643 3250 882 3333 transponendo
907 3252 1165 3335 perpoliendum:

187 3392 239 3456 Me
263 3391 440 3476 prohibent
463 3395 571 3471 uxore,
594 3391 675 3458 mr'hi
699 3415 781 3477 quae
805 3393 900 3457 huius
919 3446 1191 3457 .....
1259 3427 1362 3467 ccxxx

359 3508 369 3517 ω

100 3536 283 3600 Monstrum
312 3538 430 3599 autcm'
449 3535 609 3618 quoddam
638 3558 748 3600 versus
779 3535 860 3599 aluit
887 3536 943 3619 qui
974 3536 1008 3599 in
1038 3534 1245 3599 librariorum

102 3643 196 3706 fidem
221 3643 331 3706 iurans
356 3643 402 3705 sic
425 3641 526 3705 edidit
548 3641 636 3707 Trin.
664 3644 738 3707 150:

189 3783 391 3849 Thesaurum
415 3784 495 3848 mihi
518 3784 741 3849 cknrdnstrouit
763 3785 797 3848 in
820 3785 908 3849 hisce
932 3784 1075 3850 ae‘dibus.

100 3925 231 3990 Planius
254 3927 357 4010 igitur
378 3949 464 3991 nune
488 3926 628 4011 perspici
652 3928 863 4010 arbitramur,
886 3950 943 3992 cur
960 3950 990 4011 p.
1005 3944 1136 3991 chxru
1151 3926 1244 4008 [422]

100 4033 265 4098 horridum
280 4033 454 4097 dixerimus
469 4032 585 4097 horum
600 4038 766 4098 accentum
780 4034 909 4098 dddicdr
923 4034 1124 4116 Aporrtslocli‚
1139 4035 1246 4098 sinon

101 4163 159 4224 pro
184 4141 333 4224 molosso,
357 4140 413 4204 sed
436 4163 494 4224 pro
518 4140 755 4224 palimbacchio
775 4141 819 4204 sit
841 4141 980 4206 dddioor.
1018 4140 1139 4206 Contra
1158 4164 1243 4224 pror·

190 4318 216 4386 ²⁸)
235 4316 290 4387 [cf.
308 4315 409 4385 Opuso.
429 4315 498 4385 phil.
520 4314 544 4366 ll
563 4334 589 4385 p.
609 4322 669 4370 437.
690 4316 763 4386 444]

172 4403 213 4473 “l
234 4404 287 4475 [Cf.
308 4404 409 4475 Opusc.
429 4405 498 4474 phil.
519 4405 544 4457 ll
562 4423 589 4474 p.
609 4406 683 4475 me]

155 4493 211 4562 m)
231 4494 283 4565 [cf.
303 4494 373 4549 Nor.
394 4510 452 4548 exe.
470 4494 562 4551 Plaut.
583 4494 594 4547 l
613 4514 640 4564 p.
659 4495 714 4564 43.]
