2992 5004
233 331 299 399 340
522 350 785 401 enonuaouuun
808 350 856 400 nn
879 350 1086 401 anmoumvs

227 497 399 576 proauita
421 496 537 575 uestra,
559 499 759 579 aequiperare
780 496 817 561 u‘t
837 517 948 579 queam
967 496 1078 562 Ve'reor
1100 497 1302 583 cogitatione
1325 496 1381 560 ad·

232 602 382 674 dandum,
396 625 465 668 esse
488 625 524 669 ea
547 603 760 687 intellegitur,
783 608 817 668 et
840 601 983 669 eiusdem
1002 607 1118 688 poetae
1137 603 1222 686 apud
1238 602 1381 669 Gellium

235 709 315 775 XIV
338 733 364 775 c.
390 713 407 775 1
432 733 526 776 versu
1175 726 1179 737 “

321 853 353 919 N
355 855 408 917 111
428 854 465 938 si,
484 875 565 938 quae
584 858 743 943 euentura
762 857 848 938 sunt,
866 852 1069 938 prouiderunt,
1084 855 1293 939 aequiparent
1306 853 1380 920 Ioui

96 1018 220 1059 1111111
234 996 329 1060 valde
361 996 576 1079 probabiliter
603 1000 782 1060 correctum
809 1000 859 1061 est
886 999 1085 1079 aequiparem.
1132 995 1195 1061 sed
1224 1003 1308 1081 esto,
1331 998 1382 1061 in-

233 1104 440 1168 transitivam
464 1104 530 1167 vim
553 1108 685 1168 tueatur
707 1103 881 1168 Pacuvius:
905 1107 939 1167 at
962 1104 1009 1168 ita
1031 1104 1065 1168 in
1080 1104 1261 1169 Trinummi
1284 1127 1381 1169 versu

233 1209 312 1274 illud
343 1210 457 1275 saltem
486 1232 550 1275 non
578 1210 750 1275 tacendum
773 1210 892 1293 fuerat,
925 1232 1006 1295 quae
1029 1211 1160 1276 tandem
1184 1211 1215 1276 h.
1239 1212 1380 1277 111111

233 1317 312 1381 fides
331 1317 413 1381 nulli
433 1318 649 1401 comparanda
669 1323 764 1401 esset,
784 1317 989 1382 scribendum
1006 1317 1109 1403 igitur
1128 1323 1182 1384 tua
1201 1342 1260 1404 pro
1279 1340 1381 1399 acum,

234 1428 367 1489 externa
389 1424 621 1508 probabilitate
646 1424 808 1489 mediocri.
839 1423 962 1489 Verum
985 1447 1026 1490 ne
1050 1426 1247 1510 sicquidem
1270 1426 1322 1491 vel
1347 1429 1382 1492 in

233 1531 420 1596 Plautinum
448 1531 601 1617 loquendi
629 1553 751 1596 morem
779 1530 859 1595 illud
887 1533 1052 1616 convenit,
1084 1535 1122 1596 11
1148 1534 1231 1599 nulli
1254 1534 1379 1600 bomini

233 1639 452 1723 comparanda
475 1661 546 1703 esse
561 1636 706 1703 Calliclis
729 1638 809 1703 fides
833 1637 960 1702 dicatur
981 1662 1041 1724 pro
1065 1624 1207 1725 eoquod
1228 1645 1279 1707 est
1293 1640 1381 1706 ‘nul-

232 1747 296 1810 lius
320 1745 463 1810 bominis
486 1745 587 1829 fidei',
610 1746 660 1810 vel
684 1747 718 1810 in
740 1745 922 1831 legitimam
942 1747 1107 1831 cogitandi
1126 1749 1286 1814 rationem
1309 1749 1382 1833 hoc,

232 1857 283 1938 ut,
315 1853 405 1918 cuius
438 1852 622 1937 praedicare
655 1852 750 1917 fidem
782 1853 933 1936 velimus,
970 1854 1093 1920 nullius
1126 1856 1379 1940 comparandam

233 1984 303 2026 esse
326 1961 401 2025 fidei
426 1960 570 2024 dicamus
594 1959 702 2042 potius
726 1981 822 2043 quam
849 1960 971 2024 nullius
994 1961 1091 2026 fidem
1113 1985 1187 2028 cnm
1210 1963 1268 2027 illa
1292 1985 1379 2029 com-

233 2069 418 2161 parandam.
464 2065 534 2130 Hae
562 2067 664 2150 igitur
692 2088 743 2131 me
767 2089 900 2131 caussae
923 2073 1095 2133 moverunt
1117 2075 1155 2134 ut
1178 2068 1377 2134 confidenter

233 2176 278 2240 111
302 2174 486 2259 repararem
509 2173 695 2237 Plautinam
719 2173 930 2259 elegantiam:

300 2317 436 2394 Quoius
459 2317 537 2381 fides
560 2316 763 2400 fidelitasque
788 2317 927 2381 amicum
951 2339 1029 2403 erga
1057 2319 1243 2404 aequiperet
1272 2325 1382 2385 tuam.
1465 2317 1468 2320 ⁴

155 2457 157 2461 ’
232 2460 365 2524 Nullam
396 2464 505 2524 autem
535 2459 633 2523 fidem
664 2458 765 2523 habet
795 2482 822 2524 v.
850 2460 933 2524 1153
965 2483 985 2524 a
1007 2459 1115 2526 Nonio
1144 2462 1275 2546 prodita
1303 2484 1378 2527 eon-

233 2567 371 2631 structio
399 2568 533 2649 aliquus
559 2568 672 2632 salutis
696 2567 755 2647 [sic
779 2565 908 2650 Trin.²],
941 2569 1088 2653 exemplo
1111 2570 1220 2634 11101
1244 2569 1378 2634 milibus

232 2659 365 2759 prorsus
390 2675 554 2759 singulari.
600 2673 722 2739 Natum
750 2674 829 2739 illud
852 2674 926 2739 inde
950 2676 1049 2760 quod,
1083 2699 1157 2741 cum
1180 2698 1275 2741 verus
1300 2676 1380 2740 ordo

231 2785 330 2849 salute
360 2784 488 2866 diquau:
520 2783 615 2846 immo
645 2803 721 2845 casu
751 2782 900 2846 turbatus
931 2783 965 2846 in
994 2784 1106 2866 dgnus
1135 2785 1248 2848 salute:
1280 2785 1377 2848 immo

232 2891 418 2972 transisset,
449 2890 614 2955 tollendus
648 2912 718 2954 esse
750 2888 859 2954 hiatus
888 2889 1065 2955 ridebatur.
1112 2889 1314 2975 Quamquam
1349 2892 1379 2956 ei

233 2998 384 3081 scriptori
411 3000 467 3082 qui
495 2998 630 3062 nimiam
654 2997 786 3081 omnino
809 2996 905 3061 fidem
928 2996 1064 3079 babeas,
1097 3019 1193 3081 quem
1218 2996 1377 3064 demirare

232 3107 331 3168 etiam
358 3104 412 3169 boe
438 3110 536 3169 aetate
563 3126 579 3168 e
607 3127 636 3167 v.
662 3103 748 3167 1090
777 3101 890 3166 afferre
918 3107 954 3167 11
977 3104 1147 3168 masculini
1171 3104 1298 3188 generis
1322 3127 1376 3169 ex·

232 3212 387 3295 emplum:
416 3234 513 3296 quam
538 3232 598 3296 ego
623 3210 818 3293 scripturam
842 3232 858 3274 e
882 3214 1070 3294 comparata
1091 3211 1147 3277 boe
1169 3212 1277 3276 aetatis
1300 3232 1375 3275 con-

233 3318 411 3384 struetione
439 3322 545 3382 ortam
573 3322 662 3401 puto.
691 3315 831 3380 -Vno
861 3317 959 3380 verbo
987 3314 1122 3403 tangam
1150 3317 1251 3382 salsas
1282 3319 1379 3383 idem

232 3425 433 3511 pronominis
452 3424 718 3506 constructiones,
736 3423 888 3488 revocata
905 3424 990 3487 item
1009 3425 1170 3508 particula
1189 3424 1378 3490 emendatas

233 3532 612 3598 1511161119.-
636 3531 804 3595 Postremo
828 3529 949 3613 aliquid
973 3553 1158 3615 expromam
1184 3536 1216 3597 et
1240 3533 1381 3617 exquisi-
1450 3600 1452 3603 s

232 3638 298 3704 tius
322 3639 438 3703 necin
462 3661 567 3703 meam
590 3637 718 3703 laudem
743 3635 863 3700 valens.
895 3635 981 3701 Nam
1005 3639 1144 3723 quaein
1167 3640 1283 3726 vulgus
1308 3640 1381 3705 sola

233 3747 363 3830 cognita
391 3750 441 3810 est
468 3746 700 3830 particularum
722 3745 788 3808 siue
815 3741 1157 3829 (κω-1111111)
1184 3746 1380 3828 coniuncti0,

233 3854 450 3938 comparanda
473 3876 512 3917 ea
535 3853 661 3938 graecis
685 3851 748 3917 εἴτε
774 3888 813 3897 -
840 3849 903 3915 εἴτε
928 3851 1110 3935 particulis,
1138 3874 1208 3916 eam
1233 3874 1305 3916 sero
1329 3852 1379 3916 in-

113 3999 115 4005 ·
232 3960 342 4026 tellexi
375 3961 409 4024 in
442 3959 578 4025 eandem
610 3964 737 4043 partem
770 3957 892 4022 variari
925 3963 1023 4041 atque
1056 3958 1083 4023 εἰ
1110 3996 1146 4004 -
1180 3958 1243 4024 εἴτε
1277 3962 1326 4022 est
1359 3982 1380 4024 a

13 4061 16 4067 ’
49 4137 51 4140 ,
108 4093 219 4132 cxxxv
236 4067 367 4132 Graecis
386 4067 517 4132 dictum.
547 4065 652 4131 Plana
671 4069 809 4148 exstant,
832 4069 868 4129 11
890 4065 925 4129 11
947 4063 998 4129 his
1021 4086 1106 4129 nunc
1130 4060 1380 4151 acquiescam*)‚

219 4285 224 4297 ’
320 4297 346 4365 ¹¹²)
368 4298 430 4352 Non
448 4298 503 4351 buc
521 4297 660 4367 pertinere
679 4294 812 4351 Pseuduli
830 4295 851 4363 I,
870 4299 896 4363 t,
916 4300 965 4348 129
985 4298 1111 4364 apparet,
1129 4293 1177 4348 ubi
1195 4311 1246 4363 per
1264 4295 1378 4349 senten-

233 4386 303 4441 tiam
320 4403 356 4440 ne
376 4386 455 4441 licuit
473 4386 587 4454 quidem
605 4404 653 4440 eeu
671 4402 721 4456 pro
739 4387 764 4440 si
783 4384 958 4440 substituere.
997 4382 1101 4437 Eadem
1120 4383 1193 4438 ratio
1211 4384 1310 4440 Pseud.
1330 4384 1380 4456 lV,

233 4485 259 4547 6,
278 4482 303 4530 9.
340 4476 424 4530 Mero.
446 4477 480 4544 ll,
499 4483 525 4545 2,
544 4483 591 4530 40:
624 4492 715 4543 neque
735 4475 808 4529 enim
828 4475 857 4527 in
876 4471 1024 4542 sponsione
1042 4474 1101 4526 siue
1118 4473 1192 4539 siue,
1211 4473 1303 4528 sedai
1320 4476 1381 4530 siue
