2940 5004
249 316 315 388 500
538 334 800 387 eaoaeoonann
824 340 871 387 aa
896 335 1102 388 simonisve

250 486 392 562 Quorum
418 507 566 552 versuum
591 492 707 572 quarto
730 486 827 550 facile
850 508 935 551 nunc
957 486 1150 571 perspicitur
1169 507 1270 570 quam
1292 508 1399 572 snper·

250 615 424 658 vacaneam
447 595 735 678 transpositionem
759 593 922 658 Lomanus
947 594 1139 659 adhibuerit.
1185 593 1264 659 Non
1290 601 1398 660 autem

249 702 363 767 horum
388 703 422 766 in
444 724 615 766 numerum
639 723 677 765 ea
696 701 845 785 exempla
863 701 1006 786 veniunt,
1029 723 1100 766 eum
1120 703 1154 766 in
1174 707 1295 786 quarta
1314 702 1398 766 thesi

251 809 399 874 desinens
422 810 615 873 vocabulum
640 808 774 872 elisione
797 806 947 872 ultimam
973 808 1133 892 syllabam
1157 810 1295 893 amittit,
1319 832 1398 894 quae

249 919 277 982 si
301 940 366 983 non
390 915 572 998 elideretur,
595 915 677 979 nihil
701 915 741 978 ad
765 914 932 998 legitimae
957 936 1108 980 caesurae
1127 916 1328 1001 elegantiam
1348 917 1398 981 de·

249 1030 350 1109 esset,
373 1030 409 1089 ut
432 1048 461 1091 v.
485 1023 558 1087 305.
582 1023 661 1088 326:

339 1165 404 1243 Qus
424 1166 522 1230 horno
552 1187 625 1229 curn
650 1166 759 1230 animo
783 1165 856 1229 inde
880 1167 920 1230 ob
944 1167 1074 1231 ineunte
1099 1168 1206 1232 aetate
1230 1165 1397 1253 depugnat

1103 1297 1171 1339 suo.

339 1363 548 1445 Adulescenti
578 1381 654 1445 hinc
684 1383 800 1465 gonaro
831 1403 972 1466 summo,
1004 1381 1108 1446 arnico
1138 1386 1237 1466 atque
1270 1383 1399 1468 aequali

1103 1511 1173 1553 meo
1181 1514 1189 1554 2

250 1633 434 1717 pariterque
463 1656 490 1697 v.
515 1633 589 1696 302.
617 1633 691 1696 313.
719 1633 793 1697 334.
821 1633 895 1697 367.
924 1634 998 1698 620.
1027 1633 1101 1698 626.
1125 1632 1200 1698 649.
1224 1634 1301 1699 699.
1326 1635 1395 1698 702.

251 1743 324 1806 857.
343 1742 418 1806 973.
437 1740 511 1806 982.
530 1740 604 1806 983.
624 1740 697 1805 986.
717 1740 791 1804 987.
811 1740 885 1804 988.
909 1740 1001 1803 1126.
1025 1741 1121 1804 1144:
1145 1741 1265 1824 quibus
1285 1745 1394 1807 tamen

249 1870 314 1913 non
343 1870 436 1933 pares
466 1870 494 1913 v.
519 1847 593 1911 651.
617 1847 683 1910 690
711 1846 890 1929 horumque
919 1847 1056 1931 similes,
1089 1847 1239 1931 legitima
1264 1871 1396 1914 caesura

249 1977 362 2019 revera
385 1959 545 2019 carentes:

121 2117 246 2157 ccuxxv
338 2082 376 2162 ln
399 2096 470 2162 foro
495 2119 629 2181 operam
653 2095 766 2161 amicis
791 2098 847 2181 da,
871 2120 910 2161 ne
935 2099 968 2161 in
992 2098 1075 2161 locto
1098 2099 1236 2184 amicae,
1261 2100 1395 2164 1111611-

782 2203 783 2207 ’
1103 2211 1156 2270 tus
1181 2227 1225 2271 es.

339 2311 392 2375 Me
415 2331 602 2397 germanam
627 2308 734 2377 indam
759 2334 904 2378 sororem
927 2313 961 2375 in
984 2312 1235 2377 concubinatum
1259 2314 1332 2378 tibi.

249 2453 325 2518 Non
343 2454 447 2537 magis
466 2476 575 2519 rarum
598 2455 797 2539 posterius
821 2475 922 2539 genus
942 2458 1001 2538 est,
1025 2455 1239 2519 adventiciam
1259 2457 1396 2539 plerum-

249 2584 311 2645 que
343 2561 466 2625 hahens
500 2561 647 2645 podicem
681 2584 845 2626 caesuram
880 2569 955 2645 post
986 2562 1119 2626 tertiam
1153 2563 1268 2626 arsim:
1307 2564 1396 2627 cuins

249 2669 327 2733 haec
351 2691 368 2732 e
387 2669 577 2733 Trinummo
600 2669 748 2752 exempla
766 2669 879 2733 notavi
898 2692 927 2733 v.
944 2668 1017 2733 358.
1037 2668 1111 2734 373.
1130 2668 1205 2732 604.
1227 2669 1304 2733 646.
1324 2671 1396 2734 661.

248 2776 322 2841 985.
350 2777 443 2841 1049.
470 2778 567 2841 11731

338 2918 424 2994 Quoi
443 2925 480 2984 tu
503 2924 682 3005 egestatem
706 2920 843 2984 tolerare
867 2917 939 2983 uis‘?
966 2919 1098 3003 loquere
1121 2919 1276 2983 audacter
1300 2921 1393 3004 patri.

202 3090 213 3105 ,
337 3023 411 3088 Scin
444 3032 480 3091 tu
513 3027 605 3092 illum
637 3050 701 3112 quo
732 3030 849 3111 genere
880 3029 998 3111 gnatus
1030 3024 1094 3089 sse?
1140 3023 1224 3110 Scio,
1248 3026 1396 3110 adprime

990 3148 994 3152 ‘
1103 3133 1215 3216 probo.

338 3239 423 3315 Quoi
444 3242 568 3306 homini
592 3241 784 3326 despondit?
807 3240 949 3325 Lysiteli
970 3239 1130 3305 Philtonis
1153 3236 1233 3303 filio.

338 3329 388 3411 1411
413 3349 635 3431 quaerundum
659 3349 830 3413 honorem:
862 3345 1028 3411 infecisti
1053 3351 1089 3411 ut
1111 3345 1254 3411 difficilis
1278 3348 1373 3413 foret

338 3453 466 3538 Perpeti
495 3459 631 3540 nequeo:
664 3454 762 3520 simul
791 3477 842 3519 me
870 3455 962 3538 pigot
996 3456 1095 3536 [popel
1123 3451 1240 3534 Γ111113]
1281 3478 1393 3540 parum

1101 3560 1219 3643 pudore
1242 3565 1285 3626 te.

339 3669 579 3745 Quamobrem?
603 3668 687 3744 Quia
710 3669 801 3732 illum
825 3690 921 3752 quem
940 3669 1115 3732 ementitus
1134 3666 1215 3755 os*),
1238 3689 1301 3753 ego
1323 3694 1394 3735 rum

1075 3776 1166 3859 ipsus
1192 3772 1395 3843 Charmides.

338 3882 403 3960 Qui
424 3885 469 3946 nil
495 3885 616 3948 meriti:
650 3882 769 3968 quippe
793 3905 904 3948 eorum
930 3904 968 3946 ex
992 3882 1123 3967 ingonio
1147 3882 1316 3967 ingenium
1340 3886 1396 3953 ho·

1102 3991 1175 4053 rom
1198 3993 1354 4074 probant.

337 4097 527 4163 Miserumst
549 4098 634 4162 male
658 4097 837 4182 promerita
859 4101 896 4160 ut
915 4098 1032 4161 merita
1051 4095 1125 4180 sint,
1149 4099 1177 4161 si
1197 4099 1312 4165 ulcisci
1333 4105 1397 4168 non

1102 4204 1185 4270 licet.

249 4295 412 4302 —.—-.—-—-
422 4297 459 4302 η,-

337 4382 363 4450 *)
384 4383 556 4453 [ementitu'a
575 4385 599 4436 e'c
619 4382 710 4437 Trio.²
728 4399 791 4436 cnm
811 4380 993 4437 Fleckeiseno
1014 4381 1150 4436 ‘duriores
1168 4384 1315 4440 numeros’
1338 4404 1400 4443 cor-

248 4468 372 4538 rigenti]
