2986 5010
416 392 681 443 nunnunrrunrs
706 392 917 441 Pnavrrnra.
1175 377 1238 442 461

183 536 232 603 De
251 540 336 603 mee:
359 562 435 604 narn
456 541 541 625 qued
559 545 694 624 turimst,
717 543 866 622 meumst,
889 559 983 602 omne
1007 543 1116 603 autem
1138 531 1242 604 mium

895 651 1028 711 turimst.

95 787 248 875 Intellegi
276 812 361 854 nune
394 791 495 856 etiam
527 790 607 854 illud
639 795 807 891 putemne,
839 812 895 854 eur
923 811 940 852 e
968 788 1109 873 quinque
1137 793 1241 852 trans-

95 895 236 981 ponendi
259 896 378 982 modis,
406 919 544 981 quorum
572 898 605 962 in
628 896 827 962 Bacchidum
859 919 887 960 v.
911 896 954 960 52
979 896 1049 978 [83]
1075 895 1241 979 optionem

95 1025 165 1104 esse
184 1026 215 1087 p.
230 1022 336 1068 cxmx
347 1025 393 1087 sq.
414 1005 507 1087 [395]
528 1004 677 1090 diximus,
700 1003 832 1089 reliquis
851 1002 1093 1087 posthabendus
1111 1002 1165 1067 hie
1185 1002 1241 1065 sit:

102 1110 166 1175 Vbi
191 1111 274 1176 uoles
307 1116 340 1175 tu
373 1112 469 1195 lepide
495 1114 561 1178 essa
584 1112 648 1177 rui.
694 1109 744 1175 Ne
772 1111 844 1195 quis
873 1131 948 1175 vero
975 1110 1039 1174 hue
1066 1109 1152 1173 Trin.
1176 1108 1242 1173 623

95 1216 225 1281 referat:

183 1360 302 1426 Nescio
326 1362 403 1446 quid
427 1384 490 1427 non
516 1364 596 1428 sa'tis
618 1364 700 1427 iute'r
724 1384 778 1427 eos
816 1410 1198 1443 ........

95 1504 260 1568 sciendum
275 1509 325 1568 est
339 1527 410 1569 earn
431 1504 469 1569 de
488 1528 552 1590 qua
570 1510 646 1569 ante
666 1505 804 1569 diximus
824 1505 972 1569 enelisim
991 1526 1057 1569 non
1076 1504 1181 1567 minus
1201 1502 1241 1566 ad
1257 1528 1387 1567 ccxxvrr

94 1610 174 1675 haec
197 1612 343 1694 exempla
366 1613 446 1675 iute'r
467 1633 525 1692 eos,
542 1613 668 1694 praete‘r
689 1633 738 1677 eos
761 1611 876 1677 Baeeh.
904 1613 986 1676 1107
1008 1612 1123 1694 [1146]
1143 1633 1241 1694 quam

94 1718 134 1781 ad
155 1719 235 1783 iute‘r
252 1739 317 1801 use,
334 1722 460 1800 praeter
472 1741 520 1784 ure
537 1720 708 1804 pertinere.
726 1757 762 1766 —
781 1719 968 1785 Troehaieis
984 1724 1093 1783 autern
1107 1717 1241 1782 vocibus

95 1825 155 1890 etsi
183 1827 219 1890 in
246 1826 308 1891 hoe
335 1849 452 1912 genere
482 1826 779 1912 pyrrhichiacae
808 1826 899 1890 valde
926 1826 1126 1910 propinquae
1157 1829 1242 1906 sunt,

95 1937 205 1996 tamen
228 1954 295 1998 non
319 1939 394 1998 sunt
416 1956 549 2018 prorsus
574 1935 645 2018 pari
668 1934 803 1998 ratione.
844 1932 925 1997 Tam
950 1933 1037 1996 enim
1062 1953 1116 1995 eae
1140 1952 1240 2014 prope

96 2038 135 2101 ad
159 2039 371 2105 iambiearum
395 2030 736 2125 naturamaeeedunt,
761 2040 869 2105 uthis
893 2043 1022 2122 praeter
1041 2043 1149 2103 cetera
1167 2059 1241 2101 eon·

95 2168 219 2210 cessam
247 2147 432 2228 ὀξυτόνηειν
459 2149 555 2213 facile
583 2149 789 2233 participent.
834 2146 948 2231 Itaque
977 2147 1107 2211 illarum
1130 2144 1241 2228 paullo

95 2253 224 2338 longius
248 2277 421 2341 progressa
443 2261 493 2320 est
516 2257 662 2339 lieentia,
690 2259 727 2319 ut
754 2276 836 2339 quae
859 2276 925 2319 non
948 2253 1044 2318 modo
1067 2254 1101 2316 in
1123 2251 1241 2335 prioris

95 2360 198 2442 partis
222 2364 399 2445 septenarii
424 2365 564 2429 secundo
587 2363 677 2447 pede,
701 2362 755 2427 sed
780 2363 879 2426 etiam
902 2362 935 2424 in
954 2359 1143 2443 posterioris
1163 2360 1241 2422 item

96 2467 245 2552 seeundo,
263 2471 318 2553 qui
338 2476 387 2535 est
405 2472 507 2536 totius
527 2493 638 2535 versus
658 2474 776 2553 sextus,
796 2469 956 2534 admissae
975 2468 1049 2531 sint.
1083 2466 1242 2549 Exempla

94 2573 195 2638 habes
218 2574 306 2641 Trin.
330 2579 404 2644 337.
428 2580 501 2643 347.
526 2579 600 2644 684.
623 2577 698 2643 938.
725 2577 817 2642 1046.
841 2575 915 2641 289.
946 2573 1063 2638 Bacch.
1088 2574 1131 2637 52
1156 2571 1241 2654 [83]:

183 2715 241 2782 Nss
264 2721 367 2783 martir
390 2741 464 2784 eum
486 2719 548 2784 u'bi
572 2742 642 2784 esse
666 2721 806 2784 amicum
870 2764 1196 2782 .......

184 2822 290 2890 Multa
312 2826 392 2890 bona
414 2826 496 2890 bene
519 2829 614 2909 ptrta
636 2825 795 2889 habemus
816 2871 1195 2888 ........

95 2939 96 2945 ’
184 2930 368 3016 Numquam
391 2936 450 2996 erit
473 2933 586 2996 alienis
610 2932 720 3016 grauis
745 2933 802 3016 qui
868 2978 1196 2995 .......

183 3035 257 3101 Nisi
280 3037 355 3120 quui
379 3038 471 3102 lubet
493 3038 630 3121 experiri
656 3086 1196 3103 ...........

183 3142 328 3225 N6n[ne]
352 3145 414 3209 hoe
437 3145 566 3228 publice
590 3145 829 3210 animaduerti?
856 3166 932 3208 narn
959 3143 993 3208 id
1018 3145 1115 3227 periris
1138 3142 1241 3209 homi·

841 3274 918 3316 num
941 3251 1136 3316 huminibus.

188 3356 257 3459 ῼιιό
278 3381 392 3424 manus
412 3358 610 3444 apstineant:
634 3363 741 3424 cetera
763 3361 840 3443 ripe
864 3359 954 3423 ὐναῦιέ
971 3362 1045 3423 tene
1067 3358 1145 3442 frige
1168 3359 1242 3423 late.

184 3465 249 3530 Vbi
271 3467 362 3531 noles
386 3472 422 3531 tu
445 3469 515 3531 esse
538 3468 599 3532 tibi
623 3468 743 3552 lepide,
767 3470 839 3531 mea
861 3468 942 3550 rusci,
965 3466 1044 3530 mihi
1068 3465 1175 3530 dieite.

97 3606 241 3682 Quorum
271 3631 422 3674 versuum
452 3613 568 3695 quarto
598 3633 664 3675 non
694 3611 799 3695 magis
828 3609 943 3673 allubet
969 3608 1132 3691 scriptura
1160 3628 1241 3690 opus

95 3714 158 3778 fuit
180 3737 276 3800 quarn
301 3738 399 3800 supra
416 3718 524 3801 posito
543 3740 572 3781 v.
592 3717 656 3781 624
675 3717 741 3782 illie
758 3739 817 3801 pro
836 3717 900 3781 ille:
923 3736 1027 3799 neque
1046 3715 1132 3779 enim
1152 3734 1241 3778 eaus-

96 3842 167 3884 sam
191 3821 224 3885 in
242 3828 396 3908 promptu
415 3845 484 3888 esse
504 3823 608 3906 video,
631 3846 689 3887 eur
710 3845 783 3887 eum
806 3822 885 3887 miti
907 3822 964 3887 tibi
984 3821 1044 3895 siti
1065 3823 1130 3885 uisi
1151 3822 1243 3901 quusi

96 3948 147 4010 epo
169 3928 293 4013 formiS,
316 3951 396 4013 quas
422 3929 548 4015 (utpote
573 3929 720 3993 ultimam
746 3952 766 3992 a
788 3929 949 4012 principio
969 3929 1102 4012 longum
1122 3925 1268 3991 haben--

98 4034 163 4120 tes)
182 4036 223 4099 ab
242 4036 304 4102 hoe
323 4057 439 4121 genere
459 4036 575 4100 seclusi
594 4058 624 4119 p.
640 4052 733 4099 cnxx
755 4035 916 4119 [412sq.],
935 4036 1035 4100 etiam
1052 4037 1126 4118 quia
1145 4036 1243 4099 socie-

96 4146 159 4206 tur.
189 4142 266 4207 Alia
280 4144 429 4228 exempla
443 4165 499 4207 eur
515 4141 591 4205 hinc
610 4142 717 4206 aliena
734 4143 800 4206 sint
818 4165 940 4227 revera,
958 4143 1024 4206 dixi
1043 4165 1074 4227 p.
1089 4159 1243 4207 cnxxxvr

98 4249 201 4332 [4261
233 4249 301 4315 Nee
324 4251 487 4314 immerito
511 4273 531 4314 a
554 4253 670 4334 quarto
693 4247 774 4332 pede
793 4249 1054 4333 pyrrhichiacum
1074 4253 1242 4314 accentum

97 4354 303 4422 Hermannus
327 4357 467 4422 removit
490 4356 606 4421 Bacch.
632 4357 673 4420 74
697 4355 801 4439 [105],
823 4377 882 4438 pro
905 4355 957 4419 his

187 4497 300 4583 Cupio.
324 4501 464 4565 Dabitur
486 4503 593 4584 (Spera.
616 4498 700 4580 aquei
722 4498 820 4563 calet:
844 4484 953 4564 Eamus
978 4551 1197 4569 .....
