2940 5004
401 367 665 416 auannsrrours
690 369 895 415 aniversae.
1162 341 1230 416 505

170 509 388 596 Posteaquam
417 513 536 597 dactyli
566 513 598 576 in
628 512 802 577 trochaicis
831 535 925 577 usum
951 513 1067 576 sicuti
1091 511 1152 577 feei
1177 535 1228 576 cx-

80 618 216 701 plicavi,
248 622 282 683 et
309 618 436 703 planius
467 625 500 684 et
527 614 662 703 plenius
683 624 887 704 perspectum
916 620 955 684 iri
980 623 1059 703 puto
1084 620 1227 704 quaeda

81 725 283 810 anapaesti
307 725 341 789 in
364 725 549 792 iambicis
573 749 633 791 usu
657 727 792 793 dicenda
811 731 943 793 restant.
976 727 1100 792 Rursus
1120 731 1227 792 autem

81 831 141 896 hac
161 853 343 916 quoquere
363 833 498 898 mirifice
517 835 722 918 comprobari
742 836 1002 919 conformarique
1022 835 1227 920 cognationis

81 941 240 1005 rationem
275 939 366 1004 illam
400 942 537 1025 senties,
575 964 672 1026 quam
706 965 775 1026 cap.
798 942 859 1007 XV
892 943 1110 1008 demonstravi
1143 943 1227 1007 inter

80 1046 253 1111 iambicum
283 1048 446 1112 senarium
476 1049 757 1134 septenariumque
787 1050 988 1114 trochaicum
1016 1049 1224 1115 intercedere.

81 1152 236 1218 Abscisso
270 1155 357 1219 enim
391 1156 567 1240 septenarii
600 1157 721 1240 capite,
758 1157 842 1242 quod
880 1158 996 1222 cretico
1030 1157 1225 1241 continetur,

81 1284 163 1345 quae
186 1261 380 1347 relinquitur
403 1285 479 1346 pars
498 1264 662 1328 senarium
682 1285 831 1348 aequans,
854 1264 886 1328 in
906 1287 953 1347 ea,
977 1286 1058 1348 quae
1077 1263 1225 1349 legitima

81 1390 242 1433 caesura
270 1372 445 1454 septenarii
469 1372 545 1455 fuit,
574 1371 721 1456 legitima
748 1372 787 1434 fit
814 1370 1139 1455 penthemimeres
1168 1394 1225 1437 se-

80 1475 197 1559 narii,
225 1477 302 1540 item
326 1500 407 1562 quae
431 1478 592 1562 bisyllaba
615 1479 717 1543 thesis
741 1479 774 1542 in
798 1474 913 1563 quarto
937 1478 1017 1562 pede
1041 1479 1225 1564 septenarii,

80 1584 243 1668 bisyllaba
267 1586 433 1650 anacrusis
457 1586 491 1650 in
514 1586 610 1650 tertio
630 1585 747 1650 senarii
767 1587 855 1670 pede.
887 1584 980 1662 Quod
1000 1585 1129 1671 quidem
1148 1587 1225 1651 licet

81 1691 141 1756 hae
164 1692 268 1777 figura
292 1693 468 1758 declarare:
826 1694 833 1698 ’
1147 1698 1148 1702 ’

78 2209 258 2295 Legitimae
282 2214 391 2275 autem
414 2232 613 2293 caesurae,
642 2214 679 2274 ut
702 2210 777 2276 hinc
801 2210 922 2295 ordiar,
951 2210 1224 2294 quemadmodum

80 2319 216 2383 vicarias
240 2316 442 2402 septenarius
467 2339 522 2382 eas
546 2318 677 2401 ascivit,
702 2340 782 2401 quae
806 2319 847 2382 ab
871 2321 1007 2402 utraque
1031 2321 1124 2401 parte
1148 2317 1223 2382 viei-

79 2449 139 2489 nas
163 2426 211 2490 illi
236 2426 326 2490 sedes
351 2430 558 2509 occuparent,
580 2426 626 2489 ita
649 2423 783 2489 eandem
806 2425 965 2490 rationem
985 2424 1132 2490 senarius
1151 2447 1223 2488 cum

79 2533 188 2617 aliquo
216 2509 473 2617 teinperamento
502 2537 631 2598 secutus
660 2539 724 2617 ast,
757 2532 842 2617 quod
872 2555 910 2595 ex
938 2532 1010 2616 ipsa
1038 2531 1224 2596 diversitate

80 2639 247 2724 utriusque
270 2663 382 2705 versus
406 2642 641 2705 consectarium
666 2641 736 2706 fuit.
769 2640 854 2706 Nam
880 2663 950 2704 cum
975 2644 1050 2704 ante
1074 2639 1223 2723 semiqui-

81 2749 204 2813 nariam
235 2749 316 2813 nihil
341 2749 515 2834 impediret
538 2750 711 2834 quominus
740 2770 873 2813 caesura
900 2753 990 2831 post
1018 2746 1224 2811 secundum

80 2855 247 2920 iambum
273 2856 375 2921 fieret:

399 2997 913 3065 sufferentem-oco„

79 3128 188 3187 tamen
223 3124 308 3188 idem
344 3147 408 3189 una
439 3129 513 3208 post
541 3124 631 3189 illam
660 3124 789 3208 syllaba
816 3124 884 3189 fieri
914 3124 999 3188 ratio
1028 3104 1132 3187 vetuit
1161 3145 1225 3206 qua

80 3252 285 3296 caesurarum
305 3231 513 3296 stichicarom
532 3229 622 3314 (uam
640 3232 680 3295 de
699 3231 823 3316 podicis
842 3253 927 3295 nuuc
946 3253 1011 3296 non
1029 3227 1160 3314 loquor)
1179 3230 1225 3292 in-

81 3339 233 3403 stitutum
257 3362 351 3404 omne
376 3340 509 3425 regitur.
555 3338 678 3416 Quibus
706 3361 778 3404 cum
807 3338 840 3403 id
864 3338 1016 3422 consequi
1041 3360 1094 3401 ars
1118 3337 1226 3418 vellet,

80 3449 115 3508 ut
139 3445 325 3531 longiorum
349 3447 524 3531 eodemque
548 3469 682 3512 numero
707 3446 945 3511 decurrentium
969 3449 1224 3510 versuum-tam·
1239 3467 1375 3508 ccrtxxxr

80 3573 177 3634 quam
206 3552 311 3617 solido
340 3577 476 3640 corpore
502 3554 655 3620 bifariam
685 3553 857 3619 articulato
882 3551 1049 3617 varietatis
1079 3552 1223 3616 suavitas

82 3679 99 3719 e
123 3656 283 3723 similibus
304 3660 358 3724 sed
379 3660 500 3725 eisdem
519 3661 744 3745 inaequalibus
764 3659 910 3743 partibus
930 3663 1129 3723 nasceretur:
1154 3680 1223 3743 sep·

80 3764 226 3828 tenarius
250 3765 395 3849 quidem,
424 3772 459 3831 ut
483 3768 539 3852 qui
562 3768 679 3852 impari
703 3790 837 3833 numero
862 3767 1064 3851 syllabarum
1089 3768 1224 3842 constet,
1263 3750 1272 3768 ⁸

80 3870 194 3954 quovis
217 3871 288 3936 loco
313 3871 412 3935 dividi
438 3873 506 3938 sine
530 3875 698 3939 varietatis
722 3875 915 3940 detrimento
939 3873 1056 3958 potuit,
1079 3871 1225 3937 senarius
1274 3958 1275 3962 Ἰ

80 4000 143 4042 uno
173 3977 230 4042 illo
260 3979 331 4042 loco
360 4000 423 4043 non
456 3981 564 4063 potuit
595 3981 648 4064 qui
684 3981 851 4066 proximus
884 3985 934 4045 est
966 3984 1041 4065 post
1073 3979 1224 4064 semiqui-

79 4084 205 4151 nariam
238 4107 412 4152 caesuram.
459 4086 565 4171 lgitur
598 4087 659 4152 sibi
693 4090 845 4152 constans
879 4110 932 4152 ars
966 4088 1005 4153 ad
1040 4087 1223 4172 proximam

80 4193 271 4275 postillam
295 4192 455 4277 syllabam
478 4214 653 4278 progressa
676 4194 1041 4278 semiseptenariam
1066 4195 1225 4278 probavit,
1292 4174 1294 4185 Ι

81 4402 129 4456 sed
148 4404 242 4459 Uetera
260 4421 335 4474 rape,
351 4407 435 4472 trube,
453 4406 527 4476 stipe,
546 4407 600 4460 late
618 4406 744 4461 scribens
763 4405 1044 4477 proceleusmaticum
1063 4408 1130 4477 rupe
1149 4408 1226 4463 trahe

81 4493 179 4548 dedita
196 4511 282 4564 opera
299 4512 317 4550 a
335 4498 420 4565 poeta
437 4495 596 4567 quaesitum
615 4496 748 4568 putavit]
