2986 5010
227 336 293 399 456
521 350 781 398 rsonsoouaus
806 352 852 397 ua
877 352 1084 400 surroursvs

229 496 379 561 iambicis
400 494 531 560 vocibus
550 495 652 577 licuit,
672 498 708 558 ut
728 494 760 558 in
780 496 954 559 secundum
974 496 1088 580 pedem
1108 497 1281 579 intrarent,
1306 496 1380 560 eius

228 604 357 689 quidem
386 602 536 667 licentiae
567 606 624 665 aut
655 624 832 686 numquam
866 607 923 667 aut
955 625 1086 687 perraro
1119 603 1381 688 spondiacae

228 715 325 796 atque
358 710 633 793 anapaesticus
665 710 838 793 participes
873 709 1011 775 luerunt.
1056 710 1167 776 Etiam
1200 712 1301 776 aliam
1335 711 1381 776 ob

229 841 376 883 caussam
392 816 479 881 Triu.
495 817 684 900 594pau110
703 820 779 907 ante
797 817 995 882 removimus
1016 821 1059 902 [p.
1074 820 1161 899 4541.
1199 819 1249 883 De
1269 823 1383 883 trans-

230 925 402 1010 positionis
439 924 632 990 necessitate
664 945 759 988 nemo
793 923 920 988 dubitat
956 946 995 1018 θ.Δ
1010 948 1037 989 c.
1064 948 1092 989 v.
1121 928 1195 991 451.
1228 927 1296 991 458
1326 928 1381 990 vel

229 1032 345 1098 Bacch.
369 1032 434 1097 213
461 1033 569 1112 [245]:

318 1175 464 1239 Meanim
488 1174 592 1237 reru'm
615 1196 666 1238 me
689 1175 819 1238 nouisse
843 1180 1013 1259 aequomst
1036 1176 1187 1242 ordinem.

319 1281 393 1346 Nisi
417 1280 494 1365 quid
518 1303 568 1345 me
591 1282 682 1345 olieid
703 1282 763 1363 uis,
785 1281 909 1364 Philto,
933 1281 1087 1366 respondi
1108 1284 1178 1349 tibi.

320 1389 405 1464 Quin
429 1392 464 1452 tu
483 1388 625 1469 primm
648 1389 786 1452 salutem
811 1389 917 1454 reddis
943 1391 1039 1474 quim
1059 1390 1197 1476 dedi?*)

233 1532 390 1608 Qualibus
414 1530 553 1595 sublatis
581 1532 807 1615 anapaesticae
832 1533 920 1597 vocis
948 1533 983 1598 in
1010 1534 1135 1597 duabus
1163 1534 1288 1599 fabulis
1319 1536 1386 1600 sin·

232 1639 345 1726 gulare
369 1639 551 1723 exemplum
575 1642 676 1703 restat
699 1638 899 1705 Baccanae
925 1642 1033 1724 [518]:

366 1782 451 1847 Tum
475 1784 572 1867 qudm
596 1783 790 1867 nibiloplus
837 1835 843 1848 .
890 1833 896 1846 .
944 1834 949 1846 .
997 1835 1003 1847 .
1050 1835 1056 1848 .
1102 1837 1108 1849 .
1155 1835 1161 1847 .
1208 1808 1216 1847 ε

111 1956 219 1996 corun
234 1926 427 2010 spondiacae
447 1926 526 1990 item
551 1926 715 2011 singulare
740 1926 882 1991 eiusdem
907 1926 1035 1992 fabulae
1059 1951 1086 1991 v.
1110 1928 1174 1991 814
1199 1928 1313 2010 [853]:

367 2067 455 2133 Scies
479 2068 563 2132 haud
587 2069 685 2133 mrelto'
705 2073 780 2152 post
821 2120 827 2132 .
874 2120 880 2133 .
927 2122 933 2134 .
980 2121 987 2133 .
1033 2121 1040 2135 .
1086 2120 1093 2133 .
1139 2120 1146 2132 .
1191 2093 1199 2134 :

234 2234 316 2296 quae
346 2212 456 2276 nescio
487 2235 527 2275 an
559 2211 798 2277 excusationem
827 2213 868 2277 ah
897 2214 1037 2278 encliei
1066 2213 1203 2297 quadam
1229 2218 1389 2278 accentus

234 2423 338 2491 secuti,
362 2423 431 2478 satis
455 2423 637 2492 redarguitur.
675 2423 808 2492 Idemque
832 2423 866 2476 de
890 2423 953 2477 aliis
977 2423 1114 2478 similibus
1137 2424 1316 2478 sentiendum
1342 2429 1389 2480 est

236 2529 322 2582 pravo
345 2512 591 2582 grammaticorum
615 2512 707 2568 studio
731 2513 943 2568 discriminatis:
970 2532 985 2568 e
1009 2531 1064 2582 quo
1083 2529 1184 2584 genere
1208 2530 1281 2582 ergo,
1301 2531 1389 2584 pone,

235 2603 346 2671 quaudo
369 2606 440 2656 sunt
478 2603 519 2656 De
538 2602 669 2671 qualibus
688 2619 760 2672 quae
779 2602 1003 2673 praecipiuntur,
1025 2604 1075 2657 aut
1097 2603 1133 2658 ad
1153 2602 1251 2672 scripti
1270 2605 1387 2657 tantum

236 2694 367 2746 accentus
390 2708 628 2761 supervacaneum
651 2691 800 2754 artificium
824 2694 954 2761 spectant
977 2694 1026 2746 aut
1048 2709 1160 2762 prorsus
1184 2691 1290 2746 ficticia
1309 2697 1386 2748 sunt

237 2781 413 2850 Omninoque
437 2781 460 2834 si
483 2781 550 2850 quid
574 2798 608 2835 ex
631 2781 685 2848 eis,
708 2798 780 2849 quae
807 2782 841 2835 dc
860 2783 1025 2836 accentuum
1045 2780 1172 2835 doctrina
1190 2784 1301 2837 veteres
1320 2801 1386 2852 pro·

236 2870 341 2940 didere,
360 2871 483 2939 aliquam
503 2870 587 2925 hodie
606 2871 759 2925 utilitatem
778 2871 874 2939 habet,
893 2870 922 2925 id
941 2871 977 2925 ad
996 2871 1134 2926 vocalium
1149 2871 1242 2940 potius
1256 2871 1385 2928 indolem

236 2959 281 3014 vel
306 2962 406 3014 natura
431 2960 578 3030 longarum
603 2960 647 3015 vel
674 2960 812 3029 positione
837 2961 950 3015 demum
975 2961 1174 3030 producturum
1199 2961 1324 3031 pertinet
1351 2962 1388 3016 ad

238 3051 368 3119 acutique
387 3053 416 3103 et
435 3048 604 3104 circumflexi
628 3049 776 3103 discrimen
801 3049 879 3103 illinc
905 3052 1015 3119 aptum,
1042 3066 1125 3119 quam
1149 3049 1184 3104 ad
1211 3050 1386 3118 syllabarum

237 3143 355 3194 accentu
384 3142 433 3193 aut
459 3138 649 3208 praeditarum
677 3140 727 3192 aut
754 3139 907 3194 carentium
936 3138 1135 3194 diversitatem.
1179 3139 1223 3193 Ad
1252 3157 1386 3195 versuum

239 3230 334 3282 autem
358 3228 548 3283 faciendorum
572 3230 661 3282 artem
681 3228 771 3282 solum
789 3228 843 3282 hoc
861 3227 963 3295 valuit,
986 3226 1091 3281 nullius
1114 3245 1227 3296 prorsus
1246 3230 1389 3284 momenti

238 3316 308 3370 illud
328 3319 379 3370 est.

327 3406 353 3473 ²⁸)
371 3406 403 3459 In
418 3405 507 3461 Milite
526 3423 637 3475 quoque
657 3408 686 3460 et
703 3405 844 3475 singulare
863 3409 907 3461 est
921 3408 950 3461 et
968 3407 1121 3462 certissime
1139 3407 1273 3462 vitiosum
1291 3425 1385 3463 exem-

239 3497 317 3565 plum
337 3495 371 3562 ΙΙ,
391 3502 416 3562 6,
435 3501 481 3549 66:
513 3496 649 3549 Meruisse
677 3497 797 3565 equidem
824 3514 865 3549 me
891 3498 1050 3550 maxumum
1077 3498 1166 3563 fateor
1191 3498 1309 3564 molum,
1338 3499 1386 3552 ubi

240 3587 377 3639 Meruisse
395 3602 435 3638 me
458 3585 578 3653 equidem
598 3585 656 3639 sinc
676 3585 735 3639 ulla
752 3601 831 3639 mora
848 3585 1092 3653 transponendum.
1131 3587 1259 3640 Ceterum
1279 3587 1386 3657 simpli-

240 3676 317 3729 cibus
337 3673 497 3744 spondiacis
517 3691 567 3727 sua
585 3676 684 3743 sponte
704 3675 878 3743 intellegitur
896 3691 952 3728 non
971 3674 1108 3739 suaviora,
1128 3674 1177 3729 sed
1195 3675 1279 3744 longe
1299 3677 1385 3731 etiam

239 3766 382 3836 asperiora
401 3781 461 3820 esse
475 3766 505 3818 in
519 3765 672 3834 spondeum
687 3763 843 3819 desinentia
856 3764 986 3834 longiora
999 3763 1148 3818 vocabula:
1168 3764 1196 3818 in
1212 3781 1268 3833 quo
1282 3783 1386 3835 genere

240 3855 372 3910 vastitate
391 3871 442 3907 sua
458 3851 568 3923 insigne
587 3855 630 3906 est
648 3851 706 3906 Mil.
726 3853 747 3920 l,
768 3848 791 3919 1,
811 3857 857 3907 tt:
886 3853 925 3906 Ae
944 3853 1099 3921 peditatus,
1122 3852 1196 3922 quod
1220 3869 1254 3907 ne
1273 3853 1387 3909 codices

240 3944 354 4013 quidem
378 3945 499 3997 tuentur.
526 3977 556 3983 -
584 3943 656 3996 Dum
682 3941 711 3996 in
736 3959 769 3997 eo
796 3960 857 3996 sum
881 3945 914 3997 ut
938 3959 956 3996 a
980 3942 1144 4011 typothetae
1168 3942 1309 3998 erroribus
1334 3945 1387 3999 has

240 4034 367 4105 pagellas
391 4049 521 4102 purgem,
550 4048 610 4086 sero
634 4031 827 4086 animadverto
852 4031 1042 4102 imprudenter
1067 4031 1294 4101 praetermissum
1320 4051 1386 4088 aua-

240 4124 359 4194 paestici
378 4122 537 4191 exemplum
556 4120 630 4175 Trin.
650 4127 715 4175 397:
745 4122 885 4193 Miserere
904 4122 995 4175 animo
1013 4122 1057 4189 fit,
1081 4123 1184 4188 fortius
1202 4122 1289 4176 cailo
1307 4123 1387 4188 facit.

242 4213 322 4278 Quod
349 4228 520 4282 quamquam
548 4210 702 4265 consultius
729 4211 795 4265 duxi
822 4211 934 4266 iuterim
960 4227 1083 4279 servare,
1110 4213 1206 4266 tamen
1233 4210 1326 4267 fateor
1354 4229 1387 4267 eo

242 4303 311 4357 mihi
335 4300 491 4370 suspectius
514 4314 573 4353 esse
597 4315 652 4366 quo
675 4299 786 4354 facilius
810 4302 933 4368 aposta
956 4300 1041 4354 scribi
1064 4299 1157 4369 potuit
1180 4299 1230 4354 Fu
1254 4304 1337 4356 muer
1355 4319 1389 4357 cu

241 4393 334 4445 animo
362 4389 558 4460 [‘quamquam
581 4406 636 4442 nou
661 4391 703 4442 cst
726 4389 947 4444 obliviscendum
976 4391 1102 4444 exanimo
1129 4389 1272 4442 veteribus
1300 4390 1388 4445 fuisse

242 4497 293 4548 pro
312 4496 368 4532 uno
388 4479 526 4533 vocabulo
545 4477 754 4532 choriambico'
776 4478 887 4548 Trin.²].
