2940 5004
242 331 308 397 510
437 328 442 338 '
531 348 795 396 eaoaaoouuua
819 348 866 394 ua
890 344 1103 395 asurouravs

243 495 416 559 severitate
445 495 609 558 senarium
639 516 676 558 eo
705 493 833 558 differre
862 493 1016 577 vidimus,
1049 494 1137 578 quod
1161 494 1196 558 in
1222 493 1287 557 hoc
1308 491 1383 556 tertii

244 603 334 686 pedis
359 607 571 686 anapaestum
594 602 642 666 alt
628 605 678 664 ter
700 601 850 666 comitari
869 601 1094 686 anapaestus
1083 623 1118 666 1n
1139 602 1302 686 contiguo
1320 600 1384 684 pede

82 710 371 794 ccaxxxvrpotuit,
393 710 585 793 dactylum
576 709 686 773 millo
708 730 776 772 nou
799 712 849 772 est
867 708 952 772 alter
971 708 1119 791 dactylus
1138 709 1330 791 comitatus,
1350 709 1385 771 ita

243 817 383 901 quaein
407 818 592 901 septenario
620 816 730 881 licent
706 820 753 879 tra
782 816 838 879 uni
861 820 967 880 certae
990 836 1146 879 caesurae
1172 812 1337 897 adhaesit,
1360 820 1385 876 et
1445 866 1447 887 ,

245 926 273 987 ei
298 924 428 1009 quidem
456 946 520 1008 qua
547 922 699 1007 dactylici
728 922 854 987 numeri
878 921 1012 986 offensio
1037 925 1182 987 maxime
1208 923 1386 988 obscurare

244 1036 310 1114 tur,
342 1054 382 1096 ea
408 1030 579 1095 licentia
570 1052 604 1095 1n
634 1029 762 1092 senario
792 1051 812 1092 a
833 1028 925 1092 nulla
947 1050 1081 1093 caesura
1104 1050 1245 1112 prorsus
1270 1029 1387 1092 exclusa

246 1138 316 1203 fuit.
362 1136 408 1202 Et
435 1138 575 1202 maxime
605 1136 733 1220 quidem
761 1136 955 1222 bisyllabam
983 1136 1170 1201 anacrusim
1200 1136 1238 1200 in
1271 1136 1386 1201 senario

244 1267 372 1330 quoque
405 1267 443 1309 ea
476 1267 609 1309 caesura
641 1244 819 1309 occultavit
852 1268 933 1329 quae
966 1245 1114 1329 legitime
1143 1243 1386 1328 penthemimeri

244 1376 309 1417 una
333 1353 461 1436 syllaba
483 1353 574 1435 prior
592 1355 650 1415 est.
683 1349 769 1415 Nam
788 1352 850 1416 etsi
870 1351 1035 1417 trochaico
1056 1351 1237 1415 iambicum
1258 1357 1385 1416 metrum

244 1461 292 1524 ita
324 1461 512 1544 oppositum
544 1465 596 1524 est
627 1462 676 1542 ut,
710 1480 808 1550 quam
839 1458 907 1522 illic
937 1460 1002 1524 vim
1033 1459 1200 1542 dactylus,
1235 1457 1293 1522 hic
1323 1481 1386 1522 ana·

245 1572 377 1652 paestus
401 1567 531 1649 habeat,
554 1569 664 1631 tamen
687 1587 753 1629 non
777 1568 844 1630 tam
869 1566 1044 1630 cavendum
1068 1565 1150 1629 illud
1174 1566 1242 1630 fuit
1263 1569 1309 1647 ut,
1331 1588 1386 1648 quo

247 1677 318 1740 loco
342 1676 518 1759 septenarii
541 1675 690 1758 dactylus
713 1674 836 1738 vitatus
860 1678 922 1757 est,
956 1695 993 1738 eo
1018 1673 1136 1737 senarii
1162 1674 1237 1739 loco
1264 1696 1305 1738 ne
1327 1695 1386 1758 per·

245 1784 405 1867 ciperetur
433 1783 658 1867 anapaesticus
686 1804 852 1864 numeruS,
885 1803 982 1866 quam
1009 1780 1072 1845 hoc
1094 1782 1207 1865 potius
1231 1786 1271 1846 ut
1294 1804 1335 1845 ne
1356 1804 1386 1843 eo

246 1891 330 1974 loco,
363 1891 419 1954 ubi
448 1890 613 1974 quaelibet
640 1889 813 1954 insolentia
841 1889 945 1953 acrius
974 1888 1014 1953 ad
1042 1910 1135 1952 aures
1166 1889 1290 1954 accidit
1316 1889 1345 1954 h.
1366 1910 1387 1951 e.

246 2002 321 2062 ante
345 1998 450 2081 ipsam
474 2019 642 2061 caesuram
666 1997 700 2060 iu
725 2018 789 2080 qna
811 2018 913 2080 pausa
934 1995 974 2058 fit
995 1994 1099 2078 vocis,
1123 1993 1155 2058 id
1180 1995 1389 2080 insigniretur
1458 2005 1459 2032 l

246 2105 332 2190 quod
365 2105 486 2189 dactyli
519 2127 577 2187 pro
611 2103 764 2168 trochaeo
798 2103 1029 2187 anapaestique
1058 2123 1117 2186 pro
1149 2102 1264 2166 iambo
1297 2102 1386 2186 positi

246 2234 414 2276 commune
442 2217 491 2276 est
519 2212 550 2276 h.
574 2234 599 2275 e.
627 2211 790 2295 bisyllaba
818 2233 877 2294 pro
907 2210 1133 2294 monosyllaba
1159 2210 1278 2275 thesis.
1325 2209 1387 2286 Quo

247 2320 284 2393 fit
307 2322 342 2382 ut
365 2319 398 2381 in
422 2319 550 2382 senario
573 2340 701 2403 quoque
724 2319 854 2400 rectius,
877 2339 973 2402 quam
998 2321 1216 2401 anapaestum
1239 2319 1275 2383 in
1300 2318 1388 2383 tertio

247 2427 340 2510 pede,
372 2426 517 2489 dicamus
546 2447 618 2489 eum
648 2425 811 2508 dactylum
839 2425 978 2489 vitatum
1008 2446 1078 2489 esse
1106 2425 1162 2510 qui
1192 2426 1389 2509 compositus

248 2534 292 2597 sit
314 2555 352 2598 ex
379 2534 442 2597 arsi
467 2531 598 2596 secundi
627 2532 718 2616 pedis
743 2533 957 2617 anacrusique
981 2533 1084 2616 tertii,
1117 2533 1262 2597 maxime
1287 2537 1390 2598 autem

247 2642 386 2706 vitatum
417 2661 487 2704 esse
517 2639 549 2702 in
581 2639 815 2723 semiquinaria
845 2660 985 2703 caesura.
1031 2637 1146 2722 Itaque
1176 2642 1306 2723 perrari
1337 2662 1390 2704 nec

246 2748 393 2832 profecto
422 2747 549 2811 venusti
577 2746 660 2810 tales
688 2768 799 2811 versus
828 2751 905 2811 sunt
932 2746 1044 2830 quales
1067 2746 1100 2810 in
1123 2745 1252 2811 duabus
1276 2747 1392 2812 fabulis

247 2859 401 2940 quattuor
410 2855 443 2940 ²⁸²)
468 2857 597 2919 tantum
622 2853 813 2917 offendimus
837 2853 927 2918 Trin.
949 2855 1024 2918 421.
1050 2854 1137 2933 [792.
1177 2852 1300 2921 Bacch.
1324 2856 1394 2920 564.

247 2964 311 3027 573
335 2962 423 3044 (596.
448 2960 561 3044 605)]:

335 3069 381 3133 Et
402 3069 457 3133 ille
481 3068 569 3132 aedis
593 3071 757 3150 cnoncupio
782 3070 839 3133 abs
863 3074 895 3133 te
919 3069 1064 3152 accepit?
1088 3050 1285 3132 ildmodum.

248 3222 252 3228 -
336 3175 435 3255 [Eum
459 3197 555 3259 quem
578 3174 696 3238 habuit
717 3176 864 3254 perdidit,
888 3158 989 3239 silium
1012 3177 1088 3258 post
1109 3172 1188 3237 fecit
1212 3179 1361 3256 nouom]

338 3282 402 3362 [Ita
426 3281 694 3364 dentifranpihulo
718 3281 797 3346 haec
821 3283 900 3345 meis
925 3282 1074 3346 manibus
1098 3280 1267 3365 gestiunt]

338 3388 433 3469 [Vale
456 3390 727 3472 dentifranpibulc.
766 3371 810 3454 Elt
833 3393 868 3453 tu
892 3392 1150 3475 integumentum
1174 3388 1272 3469 nale]

248 3497 391 3573 Quorum
415 3495 520 3580 primo
544 3499 577 3559 et
599 3497 695 3560 tertio
720 3496 843 3580 aliquid
867 3495 1074 3561 delenimenti
1098 3500 1131 3560 et
1154 3496 1305 3560 elisionis
1326 3519 1396 3562 coa·

248 3605 361 3688 gutum
390 3609 422 3668 et
445 3603 485 3667 ad
509 3603 793 3687 semiseptenariae
817 3603 1065 3667 similitudinem
1089 3602 1244 3667 accedens
1269 3604 1397 3686 specics

249 3710 415 3774 conciliat:
447 3711 540 3775 alteri
564 3714 596 3774 et
620 3713 735 3794 quarto
759 3710 869 3793 paullo
893 3711 967 3794 plus
991 3710 1160 3774 molestiae
1183 3715 1262 3793 post
1287 3710 1397 3795 dacty-

88 3817 337 3884 cunxxxvnlnm
356 3816 442 3881 facta
460 3818 681 3901 interpunctio
702 3819 805 3901 affert,
823 3840 1020 3901 quamquam
1043 3818 1075 3881 id
1094 3817 1341 3882 incommodum
1367 3819 1398 3882 in

249 3929 365 4009 quarto
389 3923 541 3988 similiter
564 3928 661 4009 atque
685 3926 718 3990 in
742 3926 847 4009 primo
872 3927 1033 4010 tertioque
1057 3929 1308 4008 compensatum
1334 3932 1398 3990 est:

249 4031 407 4116 singulari
435 4031 612 4114 asperitate
639 4032 782 4117 reliquos
812 4033 969 4097 secundus
992 4032 1184 4116 praevertit,
1211 4033 1310 4096 utin
1337 4055 1399 4118 quo

249 4139 396 4223 dactylus
420 4137 580 4220 dactylico
604 4137 764 4203 vocabulo
788 4139 958 4203 conclusus
983 4140 1034 4203 sit.
1071 4137 1194 4204 Contra
1216 4139 1400 4222 plurimum

319 4294 435 4367 ')[Tria
449 4295 578 4365 exempla
592 4294 712 4352 delenda
726 4313 787 4351 esse
802 4298 901 4367 postea
915 4296 1056 4351 intellexit
1063 4295 1248 4351 Ritschelius:
1264 4297 1300 4353 de
1309 4300 1402 4355 altero

249 4404 332 4442 versu
351 4385 384 4438 cl.
405 4404 432 4454 p.
453 4391 518 4450 3873
537 4386 622 4441 tertio
642 4389 671 4442 et
689 4388 790 4456 quarto
808 4386 939 4455 probavit
957 4386 1033 4454 quod
1052 4384 1188 4453 Berghius
1207 4391 1402 4456 proposuerat

247 4476 466 4544 dentifroyibula
484 4475 514 4526 et
531 4475 765 4546 dentisroqitale]
