2992 5004
273 341 338 406 372
561 357 824 407 Pronnaounua
846 358 894 405 nn
918 357 1126 406 aanomavs

273 502 392 566 mirum
425 506 581 586 qnantum
618 503 772 567 abutatur
809 501 863 585 qui
901 501 1118 586 geminatas
1156 503 1420 564 consonantes

273 632 385 674 omnes
418 608 589 675 admittere
623 609 861 693 correptionem
894 609 957 674 sibi
990 608 1183 694 persuadeat
1218 628 1295 671 eum
1320 605 1359 671 G.
1382 606 1419 671 Α.

272 715 430 801 Beckero,
458 716 708 801 diligentissimo
737 716 882 800 homine,
912 715 967 780 sed
991 717 1082 781 cuius
1106 737 1145 780 ea
1167 712 1207 779 de
1231 736 1266 778 re
1290 735 1420 799 perver-

272 823 401 887 sissima
434 823 545 908 opinio
578 822 641 888 fuit
674 822 803 899 Quaest.
837 823 876 887 de
910 845 991 888 com.
1020 821 1112 888 Rom.
1140 821 1207 886 fab.
1235 845 1266 906 p.
1295 822 1338 885 14
1352 844 1421 907 sqq.

271 928 394 994 Verum
417 929 479 996 hoc
502 935 540 995 ut
562 931 687 996 confido
709 931 835 996 nullum
854 930 1056 996 defensorem
1075 933 1248 994 nacturum
1269 951 1352 1012 esse,
1376 928 1422 992 ita

271 1060 311 1102 ne
335 1028 438 1104 multo
463 1040 568 1103 minus
593 1039 720 1124 quidem
745 1039 917 1105 dissimilia
939 1039 1007 1103 veri
1030 1060 1107 1103 vera
1130 1040 1213 1101 sunt
1246 1035 1345 1102 Nihil
1370 1059 1422 1100 ex·

271 1150 366 1210 terna
389 1147 495 1231 speeie
517 1148 730 1232 propinquius
753 1148 806 1212 ille
827 1147 1011 1231 pronomini
1036 1168 1132 1231 quam
1150 1145 1243 1223 illico,
1268 1147 1309 1208 ut
1326 1144 1421 1227 pleri·

272 1275 333 1336 que
362 1253 518 1339 scribunt,
548 1255 598 1320 vel
621 1255 730 1340 potius
753 1255 843 1320 ilico
865 1254 985 1321 forma:
1017 1254 1108 1318 cuius
1132 1256 1244 1316 tamen
1270 1237 1421 1335 antepae·

271 1359 410 1425 nultima
424 1383 600 1447 numquam
618 1383 684 1426 non
702 1362 897 1447 producitur.
930 1360 1134 1428 Contrarium
1154 1381 1345 1423 mensuram
1364 1379 1422 1422 nec

271 1465 399 1551 Epidici
423 1490 534 1533 versus
558 1467 620 1552 HI,
647 1471 678 1553 1,
701 1469 723 1533 4
745 1491 805 1534 nec
827 1467 942 1533 Militis
966 1467 1022 1554 IV,
1046 1469 1081 1553 2,
1104 1469 1146 1533 39
1169 1470 1331 1550 testatur,
1364 1488 1421 1530 nec

271 1572 453 1639 Trinummi
468 1575 543 1659 627,
565 1576 622 1641 ubi
642 1597 707 1641 non
726 1577 799 1661 plus
819 1576 1006 1642 offensionis
1023 1581 1073 1642 stu
1091 1577 1161 1641 ilico
1184 1574 1298 1658 habet,
1322 1597 1419 1660 quam

228 1749 231 1759 ‚
271 1683 406 1748 elisione
430 1683 614 1750 coalescens
638 1686 711 1766 quot
733 1688 862 1767 imperes
885 1707 913 1750 v.
936 1684 1034 1749 1061:
1059 1682 1191 1748 tametsi
1215 1683 1259 1746 ab
1283 1703 1347 1746 neec
1369 1702 1419 1747 seu

269 1790 437 1874 particulis
471 1790 611 1855 similem
643 1790 818 1856 abhorrere
851 1791 1021 1856 elisionem
1049 1788 1289 1855 concedendurn
1322 1786 1420 1876 est‘)

155 1921 256 1962 oxrm
269 1895 338 1961 Nec
365 1897 448 1962 illud
475 1899 607 1981 mirum,
640 1920 713 1963 cum
740 1897 822 1963 nihil
851 1920 924 1963 cum
952 1899 1004 1963 ille
1029 1897 1220 1983 pronomine
1245 1919 1420 1963 commune

269 2005 390 2069 habeat
412 2005 497 2083 ilico,
520 2003 643 2069 factum
667 2026 705 2070 ex
729 2006 763 2070 iu
787 2004 863 2070 loco:
896 2027 955 2089 pro
981 2026 1044 2089 quo
1068 2026 1200 2089 prorsus
1224 2004 1421 2069 commenti·

269 2112 353 2175 eiam
375 2112 454 2177 eloco
476 2111 624 2196 formam,
648 2112 731 2179 miro
756 2111 903 2178 acumine
927 2110 1132 2176 aGulielmio
1147 2108 1303 2176 Verisim.
1319 2111 1364 2196 Π,
1382 2112 1418 2176 13

271 2220 501 2305 excogitatam,
534 2241 600 2284 non
630 2220 735 2284 minus
764 2222 872 2284 autem
897 2218 979 2283 miro
1004 2218 1124 2283 iudicio
1148 2240 1168 2282 a
1191 2216 1365 2285 Gronovio
1388 2220 1419 2283 in

270 2325 364 2409 Epid.
387 2326 416 2411 I,
443 2327 470 2408 l,
496 2325 557 2390 137
587 2327 772 2410 probatam,
804 2331 925 2391 temere
958 2326 993 2390 in
1024 2325 1132 2409 ipsum
1165 2323 1325 2390 Plautum
1360 2324 1419 2390 Bo·

269 2433 358 2498 thius
382 2433 550 2498 intulit.-
563 2432 673 2498 Vnum
695 2433 779 2498 illud
797 2432 940 2499 Beokero
965 2431 1201 2499 concedendum
1221 2436 1283 2517 est,
1308 2455 1419 2518 quam-

270 2560 367 2622 quam
389 2561 455 2604 non
479 2541 519 2605 ab
543 2540 605 2605 hoe
628 2541 757 2605 demum
780 2545 994 2626 perspectum,
1018 2541 1217 2626 geminatam
1243 2539 1419 2607 llitteram

270 2647 304 2711 in
337 2646 540 2732 longioribus
574 2647 768 2732 quibusdam
800 2647 965 2713 vocabulis
996 2648 1167 2712 accedente
1198 2647 1230 2710 vi
1264 2653 1417 2714 accentus

271 2755 506 2839 correptionem
529 2776 660 2838 passam
684 2776 767 2839 esse,
795 2758 831 2819 ut
854 2757 888 2819 in
910 2755 1111 2833 simillumae,
1135 2753 1186 2819 cui
1210 2753 1417 2822 simillimum

261 2853 415 2928 'scitillites
437 2860 525 2930 Trin.
549 2885 577 2927 v.
601 2862 676 2946 833,
699 2862 754 2926 ubi
778 2861 1033 2947 transpositione
1057 2882 1094 2926 eo
1118 2861 1226 2925 minus
1251 2886 1338 2948 opus
1363 2868 1417 2947 est,

271 2970 357 3056 quod
385 2965 464 3035 illud
490 2971 596 3035 estin
619 2969 738 3036 cantici
761 2991 857 3034 versu
881 2969 1063 3036 octonario:
1096 2991 1158 3054 quo
1183 2970 1349 3036 accedunt
1368 2993 1417 3038 su

263 3076 426 3161 pilldctile,
455 3076 658 3158 inpupillcito:
695 3099 772 3142 narn
800 3077 839 3140 de
862 3076 1026 3141 cauillolor
1048 3076 1207 3141 curtillotio
1232 3077 1334 3144 aliter
1356 3084 1416 3144 sta·

269 3187 379 3248 tuetur
408 3182 503 3249 infra.
550 3181 611 3248 Sed
640 3206 681 3248 ne
708 3183 790 3249 haec
818 3183 947 3269 quidem
974 3183 1105 3248 licentia
1128 3182 1215 3247 ultra
1238 3207 1416 3269 paucorum

270 3290 501 3356 vocabulorum
530 3293 619 3355 certa
647 3291 795 3375 exempla
822 3295 989 3376 evagatur:
1025 3311 1084 3355 nee
1114 3289 1181 3354 ullo
1214 3291 1314 3356 modo
1343 3292 1416 3356 licet

268 3400 400 3464 illorum
428 3399 583 3463 societate
611 3399 699 3463 velut
727 3399 859 3484 titilius,
877 3397 971 3481 pillis
994 3396 1283 3484 comprehendere,
1317 3421 1356 3464 ac
1378 3420 1416 3464 ne

357 3645 382 3716 *)
406 3648 471 3704 Non
493 3650 590 3703 tamen
612 3647 682 3702 haec
706 3648 799 3718 potius
821 3664 921 3702 caussa
943 3645 1011 3717 fuit,
1039 3662 1088 3700 cur
1105 3648 1134 3700 et
1152 3664 1178 3701 v.
1197 3653 1251 3701 ³16
1271 3649 1304 3703 et
1323 3666 1348 3704 v.
1367 3653 1416 3705 lot

269 3754 303 3792 ae
322 3754 372 3807 pro
391 3753 445 3791 aaa
463 3752 671 3806 reponeremus,
689 3754 773 3806 quam
791 3736 878 3807 ipsius
897 3736 969 3792 ratio
984 3736 1148 3791 sententiae.
1177 3735 1251 3802 Quid
1267 3740 1364 3793 autem
1378 3736 1416 3791 eis

270 3825 407 3897 exemplis
430 3825 589 3881 faciendum
614 3827 663 3894 eit,
686 3843 758 3897 quae
782 3843 865 3896 passa
889 3842 951 3880 erse
968 3841 1016 3880 eeu
1033 3824 1188 3896 particulae
1207 3824 1357 3881 elisionem
1377 3826 1415 3881 ri·

269 3916 397 3986 deantur,
415 3915 484 3970 satis
503 3933 587 3986 supra
605 3908 792 3987 significatum
811 3919 855 3971 est
873 3917 967 3971 annot.
986 3933 1013 3985 p.
1024 3928 1129 3969 nxxxv
1140 3913 1226 3985 {841}
1247 3913 1311 3980 Quo
1326 3916 1416 3970 minus

269 4007 304 4062 de
322 4009 347 4062 ai
365 4007 395 4060 in
412 4023 460 4062 seu
479 4006 614 4061 mutando
633 4004 771 4076 cogitabis
790 4003 871 4075 Capt.
890 4004 911 4074 1,
930 4012 956 4074 2,
975 4010 1004 4060 δε

429 4114 520 4170 Sinito
539 4114 692 4182 ambulare,
711 4113 735 4167 si
753 4112 834 4182 foris,
853 4112 876 4168 si
894 4111 969 4167 intus
988 4112 1093 4169 uolent.

271 4221 411 4294 [Ceterum
439 4239 522 4277 versu
543 4227 593 4277 765
622 4220 675 4277 etsi
702 4236 736 4274 aa
763 4220 809 4275 vel
836 4221 882 4274 aei
909 4220 955 4288 (cf.
974 4220 1075 4291 Opusc.
1094 4218 1164 4288 phil.
1184 4220 1209 4273 ll
1228 4238 1257 4290 p.
1279 4227 1346 4292 630)
1363 4239 1416 4278 nou

269 4311 457 4368 necessarium
475 4328 536 4366 esse
550 4310 720 4367 Ititschelius
739 4309 768 4363 in
788 4308 830 4364 ed,
846 4309 895 4363 alt.
915 4308 1061 4377 concessit,
1080 4310 1175 4364 tamen
1193 4308 1273 4364 haud
1292 4311 1416 4383 paullum

270 4401 520 4456 commendationis
546 4416 580 4455 ex
604 4400 729 4470 ipsorum
755 4398 889 4454 librorum
915 4397 944 4451 in
970 4397 1095 4453 versibus
1118 4404 1179 4456 alo.
1200 4406 1254 4456 315
1281 4403 1417 4460 memoria

270 4491 372 4546 habere
391 4489 521 4559 monuit]
