2940 5004
250 321 315 385 528
537 336 799 384 rnoassonans
823 336 870 383 aa
895 335 1106 383 uariosiavs

251 486 427 567 apparatus
460 487 494 547 et
526 482 750 547 laudationum
782 481 902 547 honos:
941 480 996 546 sed
1029 480 1179 545 ludorum
1214 479 1407 565 amplitudo

251 612 349 674 quam
377 612 441 655 non
464 571 616 675 frequens
643 590 758 672 fuerit,
786 590 877 673 gravi
906 589 1100 652 documento
1123 587 1407 671 diligentissimus

251 698 399 762 ludorum
423 698 568 761 omnium
588 700 756 762 enarrator
774 694 887 761 Livius
907 717 977 759 esse
996 699 1115 780 potest,
1137 696 1173 759 in
1192 696 1287 761 euius
1307 693 1406 759 libris

252 803 343 868 XXV
364 803 426 869 duo
446 807 574 868 tantum
593 804 656 867 nisi
676 802 772 867 fallor
789 803 977 867 testimonia
1000 806 1131 867 exstant
1150 803 1188 866 de
1207 802 1405 867 funebribus

251 911 336 976 ludis
360 911 434 976 inde
458 933 478 975 a
501 911 620 975 sacculi
644 933 675 994 p.
698 934 729 976 u.
753 933 779 976 a.
803 912 886 976 sexti
911 933 996 976 anno
1020 929 1116 975 xxxv
1141 911 1181 975 ad
1206 934 1234 975 a.
1250 928 1403 974 Lxxxvn

251 1020 428 1084 factorum:
465 1041 603 1103 quorum
631 1018 752 1084 alteros
775 1018 818 1082 M.
843 1019 983 1083 Aemilio
1006 1019 1128 1103 Lepido
1152 1018 1237 1082 filios
1261 1016 1402 1082 Lucium

251 1127 398 1191 Marcum
432 1125 588 1201 Quintum
622 1125 749 1190 dedisse
782 1149 810 1191 a.
834 1144 1009 1210 Dxxxvnr,
1042 1127 1162 1190 alteros
1196 1125 1239 1189 M.
1264 1124 1401 1190 Valerio

251 1233 393 1299 Laevino
416 1233 450 1298 P.
475 1238 507 1298 et
529 1232 573 1298 M.
606 1233 689 1298 filios
722 1256 750 1297 a.
774 1250 858 1297 Dmv
890 1232 1032 1317 prodidit
1064 1233 1119 1296 lib.
1144 1232 1271 1317 XXIII,
1295 1233 1342 1297 30
1369 1238 1401 1295 et

252 1339 372 1422 XXXI,
387 1340 438 1404 50.
474 1340 519 1404 Et
541 1340 612 1424 hos,
635 1341 703 1405 sive
728 1340 853 1425 aliquot
876 1341 959 1405 alios
984 1341 1114 1404 silentio
1138 1341 1399 1424 praetermisisse

251 1445 380 1511 Livium
403 1446 493 1511 nullo
517 1450 709 1532 argumento
738 1448 927 1531 comeaeris,
958 1469 1021 1531 quo
1046 1446 1177 1512 tandem
1202 1453 1399 1531 argumento

252 1576 319 1619 non
351 1554 456 1619 dicam
490 1555 632 1640 evinces,
664 1556 720 1619 sed
752 1556 964 1639 probabiliter
993 1554 1203 1639 persuadebis
1232 1557 1399 1621 scaenicos

253 1661 377 1726 fuisse?
414 1684 486 1727 cum
513 1663 546 1727 in
575 1663 636 1727 hoc
664 1685 790 1747 quoque
819 1667 1027 1748 generatam
1051 1663 1188 1727 mirifica
1212 1663 1304 1727 illius
1328 1663 1398 1727 dili-

253 1768 365 1852 gentia
388 1750 548 1833 exstiterit
571 1775 616 1852 ut,
640 1771 799 1855 siquando
819 1771 918 1834 etiam
940 1769 1079 1835 scaenici
1098 1769 1149 1835 vel
1168 1769 1313 1835 Romani
1330 1769 1397 1834 ludi

233 1868 304 1939 ‘vel
327 1876 531 1962 Megalenses
559 1878 609 1941 vel
637 1877 695 1941 alii
722 1878 876 1961 fuissent,
909 1877 941 1941 id
970 1877 1098 1942 curiosa
1125 1876 1188 1940 fide
1216 1882 1397 1942 annotaret.

252 1982 297 2046 Et
318 1984 353 2047 in
370 1983 485 2068 Lepidi
509 1989 606 2069 atque
625 1984 760 2050 Laevini
783 1986 867 2049 ludis
892 2008 930 2049 ea
953 1983 992 2049 de
1014 1988 1051 2048 ¹re
1070 1984 1197 2049 Livium
1220 1986 1397 2050 taciturum

252 2088 353 2154 fuisse
376 2091 438 2155 hoc
463 2093 567 2157 minus
592 2092 744 2157 credibile
768 2095 830 2175 est,
854 2092 940 2177 quod
963 2093 997 2155 in
1021 2092 1166 2175 utrisque
1189 2093 1258 2156 dati
1277 2093 1396 2175 plodio·

253 2198 325 2261 roei
346 2201 484 2264 mames
505 2200 697 2264 nominatim
721 2199 919 2264 mentionem
943 2198 1029 2263 fecit.
1060 2198 1111 2263 Ex
1131 2199 1181 2263 his
1206 2200 1310 2284 igitur
1333 2222 1397 2265 non

252 2303 361 2387 inepte
385 2306 496 2390 colligi
515 2306 650 2391 videtur,
673 2307 841 2390 aliquanto
864 2306 1078 2391 posteriorem
1103 2310 1244 2371 aetatem
1269 2306 1396 2370 demum

254 2411 417 2476 scaenicos
443 2411 534 2476 ludos
559 2415 656 2479 etiam
680 2414 719 2479 ad
743 2415 903 2498 privatam
928 2414 1183 2478 munificentiam
1208 2413 1330 2477 ascitos
1355 2412 1397 2475 vi-

226 2524 233 2534 '
253 2517 347 2581 disse.
379 2518 459 2582 Tam
479 2524 586 2597 autem
609 2522 753 2586 incertus
777 2544 849 2586 aum
873 2521 1024 2585 ludorum
1046 2519 1232 2584 funebrium
1256 2520 1292 2583 in
1315 2523 1396 2584 trac-

252 2626 352 2689 tanda
374 2648 408 2690 re
431 2627 579 2692 scaenica
602 2628 822 2692 Romanorum
841 2650 919 2693 usus
939 2627 1136 2711 apparuerit,
1159 2626 1246 2690 haud
1267 2628 1337 2691 scio
1357 2649 1398 2691 aa

253 2732 336 2796 alius
360 2734 527 2799 cuiusdam
551 2736 811 2800 ratiocinationis
835 2757 912 2799 suae
936 2734 1077 2798 Meierus
1101 2755 1166 2798 non
1189 2735 1330 2798 nimium
1353 2739 1398 2797 te·

251 2862 314 2904 nar
348 2840 476 2906 futurus
511 2843 571 2908 sit:
618 2843 705 2927 quali
737 2845 857 2907 memet
887 2841 992 2906 fateor
1025 2863 1066 2905 ne
1100 2863 1232 2904 usurum
1267 2818 1397 2926 quidem

115 2969 240 3010 cccxxii
254 2946 368 3012 fuisse:
405 2949 558 3019 nimirum
588 2953 817 3034 argumentum
845 2948 973 3012 fabulae
1001 2947 1041 3011 ad
1066 2948 1274 3011 severitatem
1297 2969 1395 3031 quan·

143 3109 144 3115 ,
253 3054 326 3119 dam
351 3077 476 3121 morum
496 3060 529 3119 et
547 3055 717 3120 tristitiam
737 3056 936 3139 compositae
955 3055 989 3119 in
1007 3054 1159 3120 funebres
1178 3053 1272 3118 ludos
1293 3054 1399 3139 magis

253 3183 348 3243 quam
377 3163 410 3227 in
439 3162 641 3247 Megalenses
671 3164 850 3228 convenire.
896 3161 981 3226 Nam
1011 3161 1096 3246 quod
1124 3164 1293 3244 praeterea
1322 3161 1398 3225 dicit

252 3289 318 3330 non
342 3291 438 3352 posse
462 3292 527 3334 non
551 3270 669 3357 frigere
692 3270 849 3354 Lysitelis
872 3293 901 3335 v.
926 3269 990 3333 695
1014 3267 1203 3333 ludibrium:
1242 3268 1349 3348 Quid?
1373 3273 1399 3331 fe

252 3375 429 3440 dictatorem
447 3399 545 3442 censes
561 3378 637 3458 fore,
660 3378 689 3440 si
706 3377 761 3440 obs
780 3382 806 3440 te
824 3398 935 3459 aprum
953 3375 1141 3458 awqieriru?
1164 3373 1226 3438 hoc
1246 3375 1274 3438 si
1295 3376 1399 3439 multo

252 3486 328 3566 post
351 3506 470 3548 annum
493 3503 567 3548 Dan
591 3484 714 3548 dictum
738 3488 837 3567 esset,
866 3484 985 3567 quippe
1010 3505 1073 3567 quo
1098 3504 1181 3547 anno
1205 3481 1399 3548 dictatorem

253 3588 404 3655 Plautina
437 3596 526 3656 aetas
559 3596 724 3676 postremo
757 3590 904 3654 vidisset:
941 3591 989 3654 ita
1017 3589 1169 3673 quoniam
1198 3589 1238 3652 ad
1266 3611 1400 3654 sensum

253 3717 304 3760 res
337 3698 441 3762 omnis
470 3698 601 3763 redacta
628 3701 692 3781 est,
725 3720 789 3761 non
820 3698 925 3762 habco
958 3697 1043 3781 quod
1075 3694 1306 3780 respondeam,
1338 3698 1401 3761 nisi

253 3806 333 3870 mihi
356 3829 421 3871 non
445 3808 571 3892 frigere.
606 3805 692 3871 Satis
716 3807 803 3870 enim
821 3826 964 3888 caussae,
987 3827 1044 3868 aur
1063 3803 1181 3869 summi
1201 3803 1255 3887 qui
1276 3803 1402 3870 Romae

253 3919 339 3978 esset
366 3915 501 3979 honoris
531 3913 751 3998 appetentiam
779 3912 960 3979 Lesbonico
989 3911 1150 3996 Lysiteles
1178 3932 1235 3993 per
1263 3912 1403 3977 acrimo-

253 4022 341 4085 niam
364 4022 531 4106 tribueret,
554 4020 660 4086 sentio
684 4021 718 4085 in
742 4020 788 4085 eis
812 4020 911 4085 fuisse
935 4020 1053 4105 quibus
1076 4019 1132 4083 ille
1151 4017 1279 4082 consilii
1300 4019 1403 4084 obsti·

252 4130 419 4193 nationem
442 4151 603 4194 summam
627 4128 797 4194 fastidiosa
814 4127 948 4193 honoris
972 4127 1022 4192 sui
1045 4126 1220 4189 iactatione
1238 4129 1405 4191 tueretur:

256 4235 298 4299 Te
320 4236 464 4315 bonmtet,
491 4258 540 4301 me
562 4241 664 4301 mitem
686 4236 858 4300 coolotitet:
894 4235 965 4299 Tibi
986 4235 1029 4298 sit
1049 4232 1289 4297 enolumantum
1312 4234 1406 4299 bono

147 4339 156 4353 '
252 4343 451 4427 meqs

343 4449 514 4516 Praeterea
543 4452 702 4535 scriptum
729 4449 830 4514 fuisse
859 4450 890 4512 in
920 4448 1097 4512 didascalia
1124 4464 1269 4512 GRAECA
1295 4468 1414 4524 unns:
