2992 5004
436 353 699 401 nunnnsnronrs
723 353 931 402 rnnvrrunu.
1191 340 1255 405 373

110 498 194 563 celtus
216 498 345 583 quidem
369 497 420 562 vel
443 497 558 564 nullus.
590 495 696 562 Multo
719 496 826 563 minus
849 498 926 564 licet
949 500 990 565 ab
1014 498 1076 564 isse
1094 500 1255 585 proficisci

111 605 152 670 ad
169 606 266 690 pisse,
289 607 392 684 iniecit,
416 607 534 671 dedisse
556 603 771 690 defendenda,
795 610 852 670 aut
874 606 955 671 adeo
978 605 1017 670 de
1040 607 1196 691 correptis
1219 608 1255 688 ff,

109 733 187 792 mm,
209 734 267 795 nn,
284 734 339 796 pp,
361 734 405 792 rr,
429 718 454 778 tt
475 712 593 777 litteris
617 713 762 799 cogitare
786 710 864 795 (uisi
889 712 975 798 quod
999 717 1031 777 et
1055 714 1253 799 singularem

110 825 144 885 et
171 823 373 886 constantem
401 819 562 886 rationem
590 842 660 885 esse
683 819 829 903 Philippi
851 819 903 885 vel
926 819 1090 903 Philippei
1113 821 1254 886 nominis

110 925 266 1012 constat):
302 927 451 1012 quamvis
480 927 594 991 talium
623 926 712 991 ferax
741 924 929 992 Schneideri
956 950 987 1011 p.
1012 928 1075 993 736
1091 950 1158 1013 sqq.
1182 928 1254 995 doc-

110 1034 199 1100 trina
221 1035 369 1120 evaserit,
393 1039 429 1099 ut
451 1035 584 1100 ridentes
601 1035 750 1099 ‹irrubom'
767 1036 893 1099 (inomao
911 1034 1020 1117 tissime
1043 1034 1156 1100 formis
1179 1057 1254 1119 pro-

109 1142 206 1227 batis,
228 1141 400 1227 deditaque
424 1141 503 1206 adeo
529 1162 627 1225 opera
649 1144 764 1224 sapido
782 1141 1028 1226 Kampmannus
1047 1141 1086 1206 de
1104 1142 1171 1207 reb.
1185 1143 1252 1207 mil.

109 1249 156 1314 Pl.
179 1272 210 1334 p.
229 1248 272 1313 36
300 1248 478 1313 defenderit
501 1248 535 1312 in
558 1270 596 1312 eo
620 1269 713 1315 versu
738 1246 871 1333 (Persae
893 1248 918 1333 Ι,
940 1252 967 1333 1,
986 1246 1057 1334 25),
1081 1250 1131 1315 cui
1156 1251 1250 1315 unius

111 1358 256 1442 syllabae
280 1357 535 1443 transpositione
559 1357 645 1421 iusta
668 1378 819 1421 mensura
841 1357 1046 1421 restituatur:

241 1535 370 1622 Sagitta
399 1558 454 1601 cor
482 1533 606 1620 Cupido
635 1558 742 1601 meum
768 1534 944 1600 transfixit.
990 1535 1060 1601 Iam
1089 1536 1174 1601 serui
1198 1535 1252 1602 hic
1266 1560 1365 1602 cxx1v

960 1643 1095 1708 amant?
1155 1707 1157 1712 .

107 1847 303 1910 quamquam
327 1825 455 1905 facilius
479 1824 578 1889 etiarn
602 1828 636 1888 et
658 1823 785 1889 numeri
808 1828 841 1888 et
865 1845 970 1888 sermo
995 1822 1041 1888 sic
1060 1823 1250 1907 procedant:
1350 1829 1352 1833 ’

105 1932 229 2016 Sapitta
251 1932 332 2015 millii
353 1930 471 2014 Gepida
494 1953 546 1997 cor
569 1933 739 2012 transfiait.
776 1932 865 2016 Ergo
888 1931 990 2016 igitur
1013 1930 1082 1995 sinc
1105 1931 1173 1995 ulla
1196 1931 1250 1996 du·

106 2039 266 2104 bitatione
298 2038 542 2124 transponenda
575 2041 668 2103 erant
700 2061 728 2103 v.
752 2039 819 2105 385
849 2039 903 2104 se‘d
933 2038 1009 2109 ridde
1039 2039 1083 2102 ad
1110 2037 1249 2122 eamr)

105 2145 174 2212 Nec
198 2147 368 2231 quicquam
392 2145 545 2231 praesidii
575 2167 612 2209 ex
642 2144 742 2210 ictum
765 2144 865 2209 habet
888 2143 1005 2209 vitiosa
1028 2145 1181 2229 prosodia
1203 2146 1249 2211 cic-

106 2254 209 2319 cambe
231 2253 381 2332 ὄοοαετιηι,
414 2253 463 2318 vel
494 2276 522 2318 v.
546 2253 612 2317 964
635 2254 716 2335 quc‘d
737 2249 955 2339 deceptetl**),
987 2251 1021 2315 in
1043 2253 1126 2334 qaod
1147 2258 1181 2316 ta
1202 2273 1250 2318 ac·

104 2363 197 2444 ocpsti
219 2362 352 2427 anobis
372 2365 535 2426 mutatum
554 2362 626 2446 ipso
640 2360 858 2425 Ambrosiano
882 2359 971 2444 duce,
994 2381 1089 2444 quern
1114 2360 1192 2425 alibi
1216 2365 1250 2424 tu

104 2469 186 2533 dixti
201 2490 259 2552 pro
274 2469 382 2534 dixisti
396 2471 561 2552 praestare
576 2490 607 2552 p.
617 2485 700 2534 LXIV
716 2467 808 2549 [323]
823 2467 972 2532 vidimus.
995 2466 1128 2532 Praeter
1143 2469 1250 2532 cetera

105 2575 287 2660 comparari
309 2597 405 2659 posse
429 2597 502 2640 curn
525 2575 625 2640 tecam
648 2574 775 2640 videtur
798 2579 982 2659 correptum
1011 2576 1046 2639 in
1068 2575 1181 2640 dccolto'
1201 2576 1249 2638 ic-

104 2683 185 2749 cebr's
208 2707 236 2747 v.
260 2664 326 2748 664
349 2688 382 2747 et
404 2683 487 2748 nibil
508 2704 560 2766 epo
582 2686 618 2747 in
640 2682 751 2747 bcctdto
774 2681 862 2764 cipere
883 2683 962 2746 soleo
986 2704 1014 2746 v.
1039 2682 1118 2765 712,
1141 2680 1196 2746 sed
1221 2681 1248 2744 si

104 2788 182 2875 quid
206 2790 297 2854 video
317 2788 444 2854 videtur
462 2794 600 2855 tantum.
633 2789 708 2854 Non
731 2788 817 2872 quod
840 2787 984 2854 tollenda
1007 2810 1078 2853 esse
1102 2787 1249 2872 exempla

104 2900 216 2981 putem
242 2895 404 2982 (quamvis
431 2896 521 2961 facili
549 2896 680 2981 negotio
704 2897 738 2960 in
760 2895 892 2960 illorum
914 2895 1093 2978 posteriore
1116 2893 1248 2978 epo***)

105 3002 278 3089 deleatur):
311 3004 367 3069 sed
395 3003 494 3089 quod,
526 3003 590 3068 nisi
617 3024 690 3067 mea
718 3024 769 3067 me
798 3003 983 3068 coniectura
1010 3001 1109 3085 fallit,
1140 3001 1248 3085 ipsam

104 3111 250 3176 ocultus
271 3111 412 3177 formam
436 3110 613 3195 simplicio
636 3109 747 3175 littera
769 3114 802 3175 et
824 3111 1068 3195 pronuntiatam
1092 3112 1125 3173 et
1148 3109 1247 3194 scrip·

104 3221 173 3282 tarn
196 3219 376 3304 antiquitas
398 3218 559 3303 probarit,
583 3216 854 3302 quemadmodum
876 3217 910 3281 in
934 3219 1054 3300 aperire
1077 3221 1111 3281 et
1132 3218 1249 3300 operire

104 3326 227 3410 verbis,
250 3348 333 3410 quae
356 3348 426 3390 esse
450 3325 631 3409 composita
653 3325 725 3409 ipsa
747 3324 917 3389 notionum
940 3325 1101 3408 oppositio
1126 3325 1248 3408 doceat,
1279 3305 1284 3315 ¹

103 3433 184 3497 item
211 3434 330 3498 extrita
357 3437 408 3497 est
435 3455 499 3497 una
526 3432 645 3496 littera.
692 3431 780 3508 Quae
808 3432 992 3496 coniectura
1019 3432 1160 3515 primum
1184 3430 1246 3495 De-

104 3539 223 3604 curtati
243 3539 405 3624 scriptura
424 3539 668 3604 commendatur
686 3542 823 3622 utroque
837 3538 1018 3603 Trinummi
1037 3559 1131 3603 versu
1149 3539 1246 3603 oculto

104 3645 308 3730 exhibentis,
348 3647 451 3712 multo
495 3651 604 3712 autem
645 3646 765 3713 certius
802 3667 840 3710 eo
877 3646 1043 3729 firmatur,
1085 3645 1168 3730 quod
1206 3664 1246 3710 ru

210 3912 235 3981 ⁴¹)
256 3909 310 3984 [Oi.
328 3913 423 3967 annot
443 3910 472 3965 in
491 3911 532 3966 cd.
552 3911 616 3983 alt]

192 4019 234 4089 **)
255 4020 352 4091 [Ἁιιόᾱ
366 4014 496 4089 decepisti
513 4019 691 4074 tolerandum
710 4036 771 4075 esse
790 4019 847 4076 iam
865 4019 1072 4087 turnintellaxi
1085 4036 1149 4075 oum
1163 4019 1246 4076 Most.

103 4114 155 4164 308
179 4111 229 4179 cipe
251 4103 377 4162 decumbe
400 4102 485 4175 atque
508 4105 566 4161 alia
589 4106 658 4161 alibi
681 4106 785 4162 similia
807 4107 914 4164 intacta
932 4108 1057 4176 reliqui!
1079 4108 1169 4165 Trin²
1205 4109 1246 4164 De

102 4199 220 4267 cccepsli
237 4196 328 4252 forma
345 4194 526 4267 improbabili
544 4195 579 4251 cf.
598 4195 673 4251 infra
691 4215 718 4266 p.
738 4197 849 4268 coxan]

174 4303 232 4375 m)
258 4304 361 4375 [Versu
385 4310 436 4358 712
465 4305 593 4374 correpta
615 4303 856 4373 autepaeuultima
883 4321 918 4359 ne
946 4320 1014 4374 opus
1043 4305 1156 4375 quidem
1186 4322 1246 4361 esse

103 4394 218 4464 (nedum
237 4393 330 4449 deleta
347 4409 395 4463 epo
412 4395 491 4461 voce)
515 4392 685 4448 Ritschelius
706 4392 741 4446 in·
755 4393 798 4450 ed.
819 4392 868 4449 alt
886 4396 996 4462 monet,
1015 4393 1039 4449 si
1057 4394 1184 4450 Reinium
1203 4411 1246 4450 se·

101 4501 189 4554 quare
209 4483 249 4538 ric
268 4482 445 4538 metientem:
464 4483 518 4537 Nol
535 4497 582 4552 epo
600 4483 631 4536 in
649 4482 773 4553 decade]
