2986 5010
262 298 327 361 416
551 313 814 363 raouacouarva
838 316 884 363 nu
908 314 1118 395 uarronravs

142 480 262 521 ccxxiv
351 457 436 524 Huic
459 457 535 524 filia
559 460 637 525 olim
661 458 754 545 uirgo
777 460 875 544 periit
897 460 1044 544 paruula:

263 600 400 667 Poenuli
423 606 530 668 autern
554 603 634 688 1,2,
659 605 721 670 183
745 609 802 669 aut
822 603 1029 669 inserendum
1053 605 1115 667 est:

352 719 398 808 llt
416 749 453 810 tu
470 745 546 810 huie
566 750 622 810 ant
640 747 727 812 irata
744 716 790 812 ne,
804 747 859 831 sis,
883 735 940 812 adt
959 746 987 811 si
1006 747 1038 810 id
1057 745 1127 809 fieri
1146 746 1211 810 ndu
1231 750 1348 830 potest
1361 768 1417 809 -z

263 887 326 952 nisi
345 889 446 953 males
466 888 553 953 fficio
570 891 619 955 uti
637 895 671 955 tu
693 889 778 954 irritu
800 890 852 955 vel
875 888 1015 954 fortasse
1039 889 1219 974 simplicius
1244 891 1349 956 etiam
1379 864 1420 956 lst

264 995 418 1060 triteburc
441 996 526 1061 truita
551 1034 600 1062 —.

353 1102 403 1167 Ad
432 1104 607 1188 syllabas
631 1105 863 1170 vocabulorum
886 1104 1032 1170 finales
1055 1104 1164 1188 redeo,
1193 1103 1249 1168 sed
1275 1125 1419 1169 conso·

263 1210 450 1275 nantibus
482 1212 728 1278 terminatas:
760 1212 937 1297 inquibus
965 1211 1043 1276 item
1067 1215 1155 1295 sunt,
1187 1233 1375 1296 quaecum
1399 1233 1419 1274 a

264 1317 424 1403 principio
444 1318 575 1405 longam
595 1319 739 1384 vocalem
758 1318 959 1404 habuissent,
978 1318 1150 1403 paullatim
1169 1318 1320 1383 elevatae
1339 1322 1419 1383 sunt

265 1426 505 1508 pronuntiando
526 1429 558 1491 et
576 1426 617 1491 ad
637 1427 829 1492 brevitatem
848 1427 1029 1512 depressae.
1061 1425 1179 1492 Ordior
1198 1447 1218 1491 a
1235 1425 1417 1491 bacchiaeo

265 1554 360 1597 versu
383 1530 565 1598 Trinummi
589 1535 667 1599 226:

353 1674 512 1763 Magister
535 1677 616 1742 mihi
639 1677 795 1743 &nacitor
813 1678 946 1744 >animus
970 1682 1055 1743 nuno
1079 1681 1138 1742 est.

265 1818 350 1885 Nam
373 1841 432 1885 uec
455 1820 668 1886 dubitandum
693 1821 873 1885 dotalibus
897 1824 930 1885 et
949 1843 1023 1886 vero
1048 1820 1095 1885 sie
1117 1817 1333 1884 statuendum
1357 1822 1416 1900 est,

264 1931 302 1992 ut
329 1950 387 2011 per
410 1933 519 1994 ternas
542 1933 711 2014 tamquam
736 1928 959 1993 successiones
983 1949 1022 1991 ex
1046 1926 1204 2013 producta
1226 1946 1262 1991 os
1286 1926 1417 2011 syllaba

264 2035 356 2099 fieret
379 2036 572 2120 productum
595 2057 631 2100 or
653 2040 687 2100 et
710 2057 748 2099 ex
771 2035 833 2100 hoc
853 2034 982 2099 demum
1001 2033 1091 2118 illud,
1114 2032 1200 2119 quod
1219 2034 1416 2117 posterioris

265 2142 383 2207 aetatis
417 2142 616 2209 consuetudo
648 2142 813 2226 probavit,
845 2142 887 2206 ὄν.
931 2141 1018 2207 Nam
1051 2141 1092 2206 ab
1120 2151 1152 2206 os
1181 2141 1415 2207 terminatione

265 2249 382 2315 horum
409 2250 580 2315 nominum
610 2248 839 2316 formationem
869 2249 1014 2314 omnium
1041 2234 1223 2333 profectam
1252 2271 1340 2332 esse,
1369 2270 1413 2313 re·

266 2357 343 2421 licta
365 2358 400 2421 in
424 2359 505 2440 lepos
526 2358 621 2423 hortos
645 2358 729 2423 labos
751 2358 830 2422 colos
852 2356 966 2421 cincun
989 2358 1061 2421 odos
1078 2377 1176 2438 capos
1192 2355 1314 2438 (amos)
1334 2356 1412 2419 iani·

266 2467 311 2528 tos
334 2464 538 2547 antiquitatis
563 2464 702 2549 vestigia
725 2463 806 2528 satis
831 2464 1069 2528 demonstrant:
1101 2464 1302 2544 persuadent
1324 2485 1411 2548 prae·

265 2574 355 2635 terea
383 2571 624 2656 monosyllaba,
657 2593 739 2656 quae
769 2592 805 2635 or
832 2592 1008 2655 numquam
1037 2570 1234 2653 asciverunt,
1266 2590 1334 2635 mos
1355 2568 1412 2650 fios

261 2678 330 2760 pios
360 2698 412 2743 ros
445 2682 478 2742 et
509 2699 551 2744 os.
605 2677 674 2743 Nec
707 2701 726 2742 a
758 2678 986 2763 comparativis
1022 2678 1112 2742 illam
1144 2677 1410 2742 terminationem

266 2785 406 2849 alienam
439 2784 557 2869 fuisse,
592 2786 709 2850 talium
741 2786 942 2869 comparatio
975 2785 1069 2849 docet
1101 2784 1211 2869 qualia
1241 2783 1347 2849 Varro
1379 2788 1411 2847 et

264 2890 378 2957 Festus
403 2895 568 2957 testantur
589 2894 757 2958 sarabaitas
779 2893 954 2957 arctioribus
975 2894 1125 2959 artocem:
1150 2891 1280 2976 quando
1299 2892 1410 2957 eodem

266 3000 431 3065 societatis
464 3000 611 3082 vinculo,
643 3021 707 3084 quo
738 3000 876 3064 artocem
908 3004 941 3063 et
977 2999 1080 3077 arboe,
1117 2999 1277 3065 contineri
1314 2999 1409 3063 etiam

264 3109 431 3173 rrraiositas
462 3111 495 3171 et
526 3108 626 3171 erratas
657 3110 909 3170 consentaneum
941 3108 1001 3171 est.
1051 3104 1079 3169 Ε
1112 3106 1270 3190 producto
1304 3110 1408 3171 autem

265 3215 416 3300 genetivo
439 3217 501 3279 ῦνὶε
524 3213 562 3277 de
580 3224 615 3278 or
637 3213 840 3279 nominativo
864 3214 944 3278 item
967 3213 1123 3298 producto
1147 3235 1185 3279 eo
1209 3214 1409 3298 probabilior

264 3322 447 3386 coniectura
470 3322 521 3405 fit,
544 3320 630 3406 qnod
653 3321 786 3405 longam
809 3319 955 3385 vocalem
979 3320 1029 3383 vel
1053 3341 1162 3384 eorum
1186 3321 1408 3386 nominativus

264 3429 562 3513 monosyllahorum
586 3428 741 3512 servavit,
765 3449 846 3512 quae
870 3430 1054 3511 correptum
1076 3426 1201 3491 habent
1223 3429 1408 3511 genetivum

144 3565 250 3607 ccxxv
265 3541 301 3601 ut
324 3538 374 3602 lar
397 3539 430 3600 et
448 3559 519 3619 por.
556 3536 670 3621 ltaque
693 3557 758 3600 nou
782 3538 911 3599 tantum
934 3533 1118 3598 Acidalium
1140 3532 1251 3599 Divin.
1274 3535 1308 3599 in
1332 3535 1407 3600 Rud.

265 3666 334 3728 cap.
358 3645 378 3709 6
402 3644 583 3708 rectissime
607 3642 787 3708 defendisse
811 3640 890 3706 haee
913 3645 993 3725 puto
1016 3640 1098 3706 Rud
1121 3639 1224 3726 1V‚3,
1241 3642 1291 3707 75.
1317 3642 1406 3708 Poen.

265 3751 289 3834 l,
313 3752 343 3835 2,
368 3751 440 3816 151.
477 3750 581 3815 Stichi
604 3750 630 3834 I,
653 3751 683 3833 2,
706 3750 762 3814 83:

355 3893 392 3959 Si
413 3899 449 3959 tu
472 3898 603 3978 proreta
626 3891 683 3956 isti
705 3889 818 3975 naui’s,
842 3893 903 3975 ego
923 3888 1110 3974 prcbcrrmto‘r
1132 3910 1196 3954 ero.

354 3986 487 4080 isoror,
512 4001 647 4066 absce‘de
670 4004 706 4063 tu
729 4022 748 4064 a
772 4020 833 4063 mc.
869 3997 968 4063 Perii:
992 3997 1069 4083 quid
1091 3996 1171 4082 agis,
1194 3995 1363 4083 Milphio?

265 4142 344 4231 (quo
374 4168 467 4211 versu
496 4146 654 4209 insertum
683 4142 781 4228 vulgo
809 4142 862 4206 cbo
892 4145 968 4227 post
988 4142 1073 4223 per-ii
1094 4161 1167 4205 eum
1192 4141 1405 4208 Ambrosiam

265 4253 379 4337 delevi,
402 4254 552 4318 similiter
576 4257 674 4338 atque
696 4251 783 4315 Trin.
806 4248 943 4338 943*):)

337 4445 362 4514 ‘)
382 4446 443 4516 [ubi
461 4448 509 4501 eho
522 4446 637 4516 reliquit
650 4444 820 4532 Ritachelius
834 4444 863 4498 iu
878 4444 921 4498 ed.
932 4443 979 4498 alt.
1001 4445 1080 4497 extra
1094 4459 1206 4499 versum
1221 4441 1407 4513 collocatum]
