<?xml version="1.0" encoding="UTF-8"?>
<!DOCTYPE html PUBLIC "-//W3C//DTD XHTML 1.0 Transitional//EN"
    "http://www.w3.org/TR/xhtml1/DTD/xhtml1-transitional.dtd">
<html xmlns="http://www.w3.org/1999/xhtml" xml:lang="en" lang="en">
 <head>
  <title>
</title>
<meta http-equiv="Content-Type" content="text/html;charset=utf-8" />
  <meta name='ocr-system' content='tesseract 3.04.00' />
  <meta name='ocr-capabilities' content='ocr_page ocr_carea ocr_par ocr_line ocrx_word'/>
</head>
<body>
  <div class='ocr_page' id='page_1' title='image "./fridericiritsch05wachgoog_0504.png"; bbox 0 0 2940 5004; ppageno 0'>
   <div class='ocr_carea' id='block_1_1' title="bbox 414 334 1237 398">
    <p class='ocr_par' dir='ltr' id='par_1_1' title="bbox 414 334 1237 398">
     <span class='ocr_line' id='line_1_1' title="bbox 414 334 1237 398; baseline 0.002 -3"><span class='ocrx_word' id='word_1_1' title='bbox 414 350 676 397; x_wconf 78' lang='lat' dir='ltr'>nnaunsmoms</span> <span class='ocrx_word' id='word_1_2' title='bbox 702 350 909 397; x_wconf 77' lang='lat' dir='ltr'>snsvrrssn.</span> <span class='ocrx_word' id='word_1_3' title='bbox 1173 334 1237 398; x_wconf 81' lang='grc'>487</span> 
     </span>
    </p>
   </div>
   <div class='ocr_carea' id='block_1_2' title="bbox 91 492 1241 1221">
    <p class='ocr_par' dir='ltr' id='par_1_2' title="bbox 94 492 1236 665">
     <span class='ocr_line' id='line_1_2' title="bbox 95 492 1236 576; baseline 0.002 -21"><span class='ocrx_word' id='word_1_4' title='bbox 95 493 228 555; x_wconf 89' lang='lat' dir='ltr'>tionem.</span> <span class='ocrx_word' id='word_1_5' title='bbox 260 492 349 556; x_wconf 90' lang='lat' dir='ltr'>Idem</span> <span class='ocrx_word' id='word_1_6' title='bbox 364 492 450 556; x_wconf 90' lang='lat' dir='ltr'>inter</span> <span class='ocrx_word' id='word_1_7' title='bbox 473 496 500 556; x_wconf 76' lang='lat' dir='ltr'>is</span> <span class='ocrx_word' id='word_1_8' title='bbox 520 494 636 574; x_wconf 68' lang='lat' dir='ltr'>poue</span> <span class='ocrx_word' id='word_1_9' title='bbox 657 495 702 559; x_wconf 79' lang='lat' dir='ltr'>e‘st</span> <span class='ocrx_word' id='word_1_10' title='bbox 723 497 756 557; x_wconf 89' lang='lat' dir='ltr'>et</span> <span class='ocrx_word' id='word_1_11' title='bbox 779 493 954 576; x_wconf 69' lang='lat' dir='ltr'>aprooast</span> <span class='ocrx_word' id='word_1_12' title='bbox 976 493 1113 557; x_wconf 87' lang='lat' dir='ltr'>interest</span> <span class='ocrx_word' id='word_1_13' title='bbox 1132 516 1159 557; x_wconf 84' lang='lat' dir='ltr'>v.</span> <span class='ocrx_word' id='word_1_14' title='bbox 1173 494 1236 558; x_wconf 79' lang='lat'>321</span> 
     </span>
     <span class='ocr_line' id='line_1_3' title="bbox 94 600 470 665; baseline 0.005 -3"><span class='ocrx_word' id='word_1_15' title='bbox 94 601 127 663; x_wconf 90' lang='lat' dir='ltr'>et</span> <span class='ocrx_word' id='word_1_16' title='bbox 150 600 333 664; x_wconf 78' lang='lat' dir='ltr'>consimilia</span> <span class='ocrx_word' id='word_1_17' title='bbox 357 601 470 665; x_wconf 89' lang='lat' dir='ltr'>multa.</span> 
     </span>
    </p>

    <p class='ocr_par' dir='ltr' id='par_1_3' title="bbox 91 706 1241 1221">
     <span class='ocr_line' id='line_1_4' title="bbox 180 706 1238 793; baseline 0.001 -22"><span class='ocrx_word' id='word_1_18' title='bbox 180 706 281 772; x_wconf 81' lang='lat' dir='ltr'>Aliud</span> <span class='ocrx_word' id='word_1_19' title='bbox 309 712 358 772; x_wconf 92' lang='lat' dir='ltr'>est</span> <span class='ocrx_word' id='word_1_20' title='bbox 391 729 492 793; x_wconf 86' lang='lat' dir='ltr'>genus</span> <span class='ocrx_word' id='word_1_21' title='bbox 521 709 782 773; x_wconf 77' lang='lat' dir='ltr'>collocandorum</span> <span class='ocrx_word' id='word_1_22' title='bbox 815 708 1001 789; x_wconf 87' lang='lat' dir='ltr'>verborum,</span> <span class='ocrx_word' id='word_1_23' title='bbox 1035 730 1098 791; x_wconf 91' lang='lat' dir='ltr'>quo</span> <span class='ocrx_word' id='word_1_24' title='bbox 1131 707 1238 792; x_wconf 92' lang='lat' dir='ltr'>logico</span> 
     </span>
     <span class='ocr_line' id='line_1_5' title="bbox 92 812 1239 899; baseline -0.002 -20"><span class='ocrx_word' id='word_1_25' title='bbox 92 815 239 879; x_wconf 87' lang='lat' dir='ltr'>accentui</span> <span class='ocrx_word' id='word_1_26' title='bbox 267 814 424 898; x_wconf 81' lang='lat' dir='ltr'>singulari</span> <span class='ocrx_word' id='word_1_27' title='bbox 452 816 590 899; x_wconf 88' lang='lat' dir='ltr'>quadam</span> <span class='ocrx_word' id='word_1_28' title='bbox 626 815 752 880; x_wconf 90' lang='lat' dir='ltr'>ratione</span> <span class='ocrx_word' id='word_1_29' title='bbox 783 812 912 879; x_wconf 87' lang='lat' dir='ltr'>satisfit.</span> <span class='ocrx_word' id='word_1_30' title='bbox 957 814 1033 879; x_wconf 92' lang='lat' dir='ltr'>Non</span> <span class='ocrx_word' id='word_1_31' title='bbox 1063 814 1239 898; x_wconf 84' lang='lat' dir='ltr'>negabunt,</span> 
     </span>
     <span class='ocr_line' id='line_1_6' title="bbox 93 920 1241 1005; baseline -0.001 -19"><span class='ocrx_word' id='word_1_32' title='bbox 93 923 147 1005; x_wconf 89' lang='lat' dir='ltr'>qui</span> <span class='ocrx_word' id='word_1_33' title='bbox 171 920 285 987; x_wconf 88' lang='lat' dir='ltr'>harum</span> <span class='ocrx_word' id='word_1_34' title='bbox 312 943 420 985; x_wconf 90' lang='lat' dir='ltr'>rerum</span> <span class='ocrx_word' id='word_1_35' title='bbox 448 944 542 987; x_wconf 83' lang='lat' dir='ltr'>usum</span> <span class='ocrx_word' id='word_1_36' title='bbox 569 922 706 1005; x_wconf 85' lang='lat' dir='ltr'>habent,</span> <span class='ocrx_word' id='word_1_37' title='bbox 733 921 854 986; x_wconf 92' lang='lat' dir='ltr'>bonum</span> <span class='ocrx_word' id='word_1_38' title='bbox 882 921 1073 985; x_wconf 86' lang='lat' dir='ltr'>versiculum</span> <span class='ocrx_word' id='word_1_39' title='bbox 1102 942 1172 985; x_wconf 90' lang='lat' dir='ltr'>esse</span> <span class='ocrx_word' id='word_1_40' title='bbox 1194 922 1241 985; x_wconf 86' lang='lat' dir='ltr'>Et</span> 
     </span>
     <span class='ocr_line' id='line_1_7' title="bbox 91 1027 1238 1113; baseline -0.001 -21"><span class='ocrx_word' id='word_1_41' title='bbox 91 1031 158 1111; x_wconf 71' lang='lat' dir='ltr'>ipsi</span> <span class='ocrx_word' id='word_1_42' title='bbox 179 1031 225 1093; x_wconf 79' lang='lat' dir='ltr'>mi</span> <span class='ocrx_word' id='word_1_43' title='bbox 246 1032 275 1093; x_wconf 79' lang='lat' dir='ltr'>ct</span> <span class='ocrx_word' id='word_1_44' title='bbox 296 1051 379 1112; x_wconf 75' lang='lat' dir='ltr'>aquo</span> <span class='ocrx_word' id='word_1_45' title='bbox 401 1030 489 1112; x_wconf 71' lang='lat' dir='ltr'>pdtcr</span> <span class='ocrx_word' id='word_1_46' title='bbox 511 1031 672 1094; x_wconf 75' lang='lat' dir='ltr'>interdixit</span> <span class='ocrx_word' id='word_1_47' title='bbox 693 1050 786 1094; x_wconf 70' lang='lat' dir='ltr'>merea.</span> <span class='ocrx_word' id='word_1_48' title='bbox 822 1027 912 1113; x_wconf 81' lang='lat' dir='ltr'>Ignis</span> <span class='ocrx_word' id='word_1_49' title='bbox 932 1027 1101 1092; x_wconf 89' lang='lat' dir='ltr'>notionem</span> <span class='ocrx_word' id='word_1_50' title='bbox 1120 1032 1238 1111; x_wconf 88' lang='lat' dir='ltr'>aequat</span> 
     </span>
     <span class='ocr_line' id='line_1_8' title="bbox 92 1134 1238 1221; baseline 0 -22"><span class='ocrx_word' id='word_1_51' title='bbox 92 1137 236 1219; x_wconf 89' lang='lat' dir='ltr'>profecto</span> <span class='ocrx_word' id='word_1_52' title='bbox 270 1137 431 1221; x_wconf 86' lang='lat' dir='ltr'>gravitate</span> <span class='ocrx_word' id='word_1_53' title='bbox 463 1159 558 1219; x_wconf 78' lang='lat' dir='ltr'>apae:</span> <span class='ocrx_word' id='word_1_54' title='bbox 592 1141 625 1201; x_wconf 89' lang='lat' dir='ltr'>et</span> <span class='ocrx_word' id='word_1_55' title='bbox 658 1140 768 1201; x_wconf 89' lang='lat' dir='ltr'>tamen</span> <span class='ocrx_word' id='word_1_56' title='bbox 802 1136 864 1200; x_wconf 94' lang='lat' dir='ltr'>hoc</span> <span class='ocrx_word' id='word_1_57' title='bbox 896 1136 1053 1219; x_wconf 83' lang='lat' dir='ltr'>supprimi</span> <span class='ocrx_word' id='word_1_58' title='bbox 1086 1135 1118 1199; x_wconf 94' lang='lat' dir='ltr'>in</span> <span class='ocrx_word' id='word_1_59' title='bbox 1151 1134 1238 1199; x_wconf 90' lang='lat' dir='ltr'>thesi</span> 
     </span>
    </p>
   </div>
   <div class='ocr_carea' id='block_1_3' title="bbox 19 1242 1335 3679">
    <p class='ocr_par' dir='ltr' id='par_1_4' title="bbox 19 1242 1335 3679">
     <span class='ocr_line' id='line_1_9' title="bbox 92 1242 1237 1328; baseline -0.001 -21"><span class='ocrx_word' id='word_1_60' title='bbox 92 1243 225 1308; x_wconf 84' lang='lat' dir='ltr'>videtur.</span> <span class='ocrx_word' id='word_1_61' title='bbox 268 1243 389 1308; x_wconf 90' lang='lat' dir='ltr'>Verum</span> <span class='ocrx_word' id='word_1_62' title='bbox 418 1244 581 1309; x_wconf 89' lang='lat' dir='ltr'>enimvero</span> <span class='ocrx_word' id='word_1_63' title='bbox 606 1245 732 1309; x_wconf 81' lang='lat' dir='ltr'>videtur</span> <span class='ocrx_word' id='word_1_64' title='bbox 756 1247 892 1307; x_wconf 89' lang='lat' dir='ltr'>tantum.</span> <span class='ocrx_word' id='word_1_65' title='bbox 945 1242 1069 1328; x_wconf 84' lang='lat' dir='ltr'>Quippe</span> <span class='ocrx_word' id='word_1_66' title='bbox 1093 1242 1237 1307; x_wconf 90' lang='lat' dir='ltr'>ubicum-</span> 
     </span>
     <span class='ocr_line' id='line_1_10' title="bbox 92 1350 1237 1435; baseline 0.001 -21"><span class='ocrx_word' id='word_1_67' title='bbox 92 1371 154 1435; x_wconf 90' lang='lat' dir='ltr'>que</span> <span class='ocrx_word' id='word_1_68' title='bbox 176 1350 351 1416; x_wconf 88' lang='lat' dir='ltr'>iambicum</span> <span class='ocrx_word' id='word_1_69' title='bbox 375 1352 425 1416; x_wconf 84' lang='lat' dir='ltr'>vel</span> <span class='ocrx_word' id='word_1_70' title='bbox 449 1350 712 1435; x_wconf 85' lang='lat' dir='ltr'>pyrrhichiacum</span> <span class='ocrx_word' id='word_1_71' title='bbox 736 1350 929 1416; x_wconf 83' lang='lat' dir='ltr'>vocabulum</span> <span class='ocrx_word' id='word_1_72' title='bbox 953 1350 1060 1414; x_wconf 87' lang='lat' dir='ltr'>brevis</span> <span class='ocrx_word' id='word_1_73' title='bbox 1084 1373 1145 1414; x_wconf 82' lang='lat' dir='ltr'>vox</span> <span class='ocrx_word' id='word_1_74' title='bbox 1169 1373 1237 1415; x_wconf 91' lang='lat' dir='ltr'>mo·</span> 
     </span>
     <span class='ocr_line' id='line_1_11' title="bbox 90 1456 1236 1542; baseline 0.002 -22"><span class='ocrx_word' id='word_1_75' title='bbox 90 1456 263 1540; x_wconf 88' lang='lat' dir='ltr'>nosyllaba</span> <span class='ocrx_word' id='word_1_76' title='bbox 290 1458 455 1541; x_wconf 88' lang='lat' dir='ltr'>praecedit</span> <span class='ocrx_word' id='word_1_77' title='bbox 481 1458 517 1522; x_wconf 90' lang='lat' dir='ltr'>in</span> <span class='ocrx_word' id='word_1_78' title='bbox 545 1458 610 1522; x_wconf 89' lang='lat' dir='ltr'>arsi</span> <span class='ocrx_word' id='word_1_79' title='bbox 638 1458 759 1542; x_wconf 87' lang='lat' dir='ltr'>posita,</span> <span class='ocrx_word' id='word_1_80' title='bbox 787 1458 884 1523; x_wconf 89' lang='lat' dir='ltr'>huius</span> <span class='ocrx_word' id='word_1_81' title='bbox 908 1457 958 1522; x_wconf 81' lang='lat' dir='ltr'>vis</span> <span class='ocrx_word' id='word_1_82' title='bbox 982 1457 1065 1522; x_wconf 87' lang='lat' dir='ltr'>arsis</span> <span class='ocrx_word' id='word_1_83' title='bbox 1090 1457 1130 1522; x_wconf 86' lang='lat' dir='ltr'>ad</span> <span class='ocrx_word' id='word_1_84' title='bbox 1153 1457 1236 1522; x_wconf 88' lang='lat' dir='ltr'>inse·</span> 
     </span>
     <span class='ocr_line' id='line_1_12' title="bbox 19 1552 1237 1650; baseline 0.001 -22"><span class='ocrx_word' id='word_1_85' title='bbox 19 1552 21 1554; x_wconf 29' lang='lat'>¹</span> <span class='ocrx_word' id='word_1_86' title='bbox 91 1567 226 1650; x_wconf 82' lang='lat' dir='ltr'>quantes</span> <span class='ocrx_word' id='word_1_87' title='bbox 251 1566 396 1648; x_wconf 76' lang='lat' dir='ltr'>syllabas</span> <span class='ocrx_word' id='word_1_88' title='bbox 423 1565 470 1629; x_wconf 91' lang='lat' dir='ltr'>ita</span> <span class='ocrx_word' id='word_1_89' title='bbox 496 1565 664 1649; x_wconf 88' lang='lat' dir='ltr'>pertinuit,</span> <span class='ocrx_word' id='word_1_90' title='bbox 692 1588 748 1630; x_wconf 91' lang='lat' dir='ltr'>eae</span> <span class='ocrx_word' id='word_1_91' title='bbox 777 1570 813 1630; x_wconf 93' lang='lat' dir='ltr'>ut</span> <span class='ocrx_word' id='word_1_92' title='bbox 840 1587 906 1630; x_wconf 92' lang='lat' dir='ltr'>non</span> <span class='ocrx_word' id='word_1_93' title='bbox 935 1565 1132 1630; x_wconf 77' lang='lat' dir='ltr'>sentirentur</span> <span class='ocrx_word' id='word_1_94' title='bbox 1156 1568 1237 1629; x_wconf 86' lang='lat' dir='ltr'>tam·</span> 
     </span>
     <span class='ocr_line' id='line_1_13' title="bbox 91 1672 1236 1756; baseline -0.001 -21"><span class='ocrx_word' id='word_1_95' title='bbox 91 1694 188 1756; x_wconf 88' lang='lat' dir='ltr'>quam</span> <span class='ocrx_word' id='word_1_96' title='bbox 212 1694 343 1755; x_wconf 88' lang='lat' dir='ltr'>prorsus</span> <span class='ocrx_word' id='word_1_97' title='bbox 367 1672 593 1737; x_wconf 69' lang='lat' dir='ltr'>delitescentes</span> <span class='ocrx_word' id='word_1_98' title='bbox 616 1672 651 1736; x_wconf 92' lang='lat' dir='ltr'>in</span> <span class='ocrx_word' id='word_1_99' title='bbox 674 1673 770 1755; x_wconf 90' lang='lat' dir='ltr'>thesi,</span> <span class='ocrx_word' id='word_1_100' title='bbox 793 1673 850 1736; x_wconf 88' lang='lat' dir='ltr'>sed</span> <span class='ocrx_word' id='word_1_101' title='bbox 870 1676 906 1736; x_wconf 90' lang='lat' dir='ltr'>ut</span> <span class='ocrx_word' id='word_1_102' title='bbox 925 1672 1143 1736; x_wconf 85' lang='lat' dir='ltr'>coalescentes</span> <span class='ocrx_word' id='word_1_103' title='bbox 1162 1692 1236 1735; x_wconf 93' lang='lat' dir='ltr'>cum</span> 
     </span>
     <span class='ocr_line' id='line_1_14' title="bbox 90 1777 1235 1864; baseline 0.001 -23"><span class='ocrx_word' id='word_1_104' title='bbox 90 1800 281 1863; x_wconf 85' lang='lat' dir='ltr'>praegressa</span> <span class='ocrx_word' id='word_1_105' title='bbox 303 1779 336 1843; x_wconf 90' lang='lat' dir='ltr'>in</span> <span class='ocrx_word' id='word_1_106' title='bbox 359 1778 565 1864; x_wconf 79' lang='lat' dir='ltr'>trisyllabum</span> <span class='ocrx_word' id='word_1_107' title='bbox 591 1779 792 1844; x_wconf 84' lang='lat' dir='ltr'>vocabulum.</span> <span class='ocrx_word' id='word_1_108' title='bbox 832 1777 901 1843; x_wconf 88' lang='lat' dir='ltr'>Nec</span> <span class='ocrx_word' id='word_1_109' title='bbox 925 1800 1039 1843; x_wconf 85' lang='lat' dir='ltr'>caussa</span> <span class='ocrx_word' id='word_1_110' title='bbox 1062 1779 1143 1842; x_wconf 90' lang='lat' dir='ltr'>latet</span> <span class='ocrx_word' id='word_1_111' title='bbox 1167 1777 1235 1842; x_wconf 88' lang='lat' dir='ltr'>eius</span> 
     </span>
     <span class='ocr_line' id='line_1_15' title="bbox 90 1885 1234 1972; baseline 0 -23"><span class='ocrx_word' id='word_1_112' title='bbox 90 1886 145 1968; x_wconf 89' lang='lat' dir='ltr'>rei,</span> <span class='ocrx_word' id='word_1_113' title='bbox 169 1909 242 1951; x_wconf 90' lang='lat' dir='ltr'>cum</span> <span class='ocrx_word' id='word_1_114' title='bbox 265 1909 329 1952; x_wconf 88' lang='lat' dir='ltr'>una</span> <span class='ocrx_word' id='word_1_115' title='bbox 353 1887 452 1972; x_wconf 87' lang='lat' dir='ltr'>longa</span> <span class='ocrx_word' id='word_1_116' title='bbox 475 1887 558 1951; x_wconf 88' lang='lat' dir='ltr'>arsis</span> <span class='ocrx_word' id='word_1_117' title='bbox 581 1922 613 1969; x_wconf 67' lang='lat' dir='ltr'>r,</span> <span class='ocrx_word' id='word_1_118' title='bbox 636 1886 691 1950; x_wconf 93' lang='lat' dir='ltr'>ubi</span> <span class='ocrx_word' id='word_1_119' title='bbox 714 1887 748 1950; x_wconf 92' lang='lat' dir='ltr'>in</span> <span class='ocrx_word' id='word_1_120' title='bbox 771 1886 851 1950; x_wconf 88' lang='lat' dir='ltr'>dues</span> <span class='ocrx_word' id='word_1_121' title='bbox 874 1886 988 1950; x_wconf 90' lang='lat' dir='ltr'>breves</span> <span class='ocrx_word' id='word_1_122' title='bbox 1012 1885 1158 1964; x_wconf 87' lang='lat' dir='ltr'>solvitur,</span> <span class='ocrx_word' id='word_1_123' title='bbox 1181 1907 1234 1949; x_wconf 89' lang='lat' dir='ltr'>ne-</span> 
     </span>
     <span class='ocr_line' id='line_1_16' title="bbox 90 1990 1233 2077; baseline 0 -21"><span class='ocrx_word' id='word_1_124' title='bbox 90 1993 229 2057; x_wconf 85' lang='lat' dir='ltr'>cessario</span> <span class='ocrx_word' id='word_1_125' title='bbox 252 1993 336 2058; x_wconf 90' lang='lat' dir='ltr'>hanc</span> <span class='ocrx_word' id='word_1_126' title='bbox 355 1993 494 2058; x_wconf 85' lang='lat' dir='ltr'>formam</span> <span class='ocrx_word' id='word_1_127' title='bbox 514 1993 647 2077; x_wconf 86' lang='lat' dir='ltr'>recipiat</span> <span class='ocrx_word' id='word_1_128' title='bbox 670 1990 773 2077; x_wconf 49' lang='lat' dir='ltr'>cof)</span> <span class='ocrx_word' id='word_1_129' title='bbox 806 1991 890 2056; x_wconf 91' lang='lat' dir='ltr'>Hinc</span> <span class='ocrx_word' id='word_1_130' title='bbox 909 1992 1110 2057; x_wconf 89' lang='lat' dir='ltr'>multitudini</span> <span class='ocrx_word' id='word_1_131' title='bbox 1130 2014 1233 2056; x_wconf 87' lang='lat' dir='ltr'>exem-</span> 
     </span>
     <span class='ocr_line' id='line_1_17' title="bbox 88 2099 1233 2185; baseline 0.001 -22"><span class='ocrx_word' id='word_1_132' title='bbox 88 2101 230 2183; x_wconf 88' lang='lat' dir='ltr'>plorum,</span> <span class='ocrx_word' id='word_1_133' title='bbox 258 2100 293 2163; x_wconf 94' lang='lat' dir='ltr'>in</span> <span class='ocrx_word' id='word_1_134' title='bbox 321 2100 438 2184; x_wconf 91' lang='lat' dir='ltr'>quibus</span> <span class='ocrx_word' id='word_1_135' title='bbox 464 2102 613 2184; x_wconf 86' lang='lat' dir='ltr'>neglecta</span> <span class='ocrx_word' id='word_1_136' title='bbox 642 2121 712 2164; x_wconf 90' lang='lat' dir='ltr'>esse</span> <span class='ocrx_word' id='word_1_137' title='bbox 740 2099 838 2185; x_wconf 79' lang='lat' dir='ltr'>logici</span> <span class='ocrx_word' id='word_1_138' title='bbox 867 2103 1018 2164; x_wconf 89' lang='lat' dir='ltr'>accentus</span> <span class='ocrx_word' id='word_1_139' title='bbox 1048 2100 1233 2165; x_wconf 88' lang='lat' dir='ltr'>observatio</span> 
     </span>
     <span class='ocr_line' id='line_1_18' title="bbox 87 2206 1233 2292; baseline 0.002 -22"><span class='ocrx_word' id='word_1_140' title='bbox 87 2206 183 2271; x_wconf 88' lang='lat' dir='ltr'>facile</span> <span class='ocrx_word' id='word_1_141' title='bbox 212 2206 372 2289; x_wconf 83' lang='lat' dir='ltr'>videatur,</span> <span class='ocrx_word' id='word_1_142' title='bbox 400 2206 550 2290; x_wconf 89' lang='lat' dir='ltr'>legitima</span> <span class='ocrx_word' id='word_1_143' title='bbox 576 2207 831 2275; x_wconf 88' lang='lat' dir='ltr'>ratio.ccnstat:</span> <span class='ocrx_word' id='word_1_144' title='bbox 864 2206 896 2270; x_wconf 92' lang='lat' dir='ltr'>id</span> <span class='ocrx_word' id='word_1_145' title='bbox 926 2207 1012 2292; x_wconf 93' lang='lat' dir='ltr'>quod</span> <span class='ocrx_word' id='word_1_146' title='bbox 1039 2230 1104 2273; x_wconf 91' lang='lat' dir='ltr'>uno</span> <span class='ocrx_word' id='word_1_147' title='bbox 1135 2208 1233 2272; x_wconf 89' lang='lat' dir='ltr'>verbo</span> 
     </span>
     <span class='ocr_line' id='line_1_19' title="bbox 89 2312 1273 2399; baseline -0.001 -20"><span class='ocrx_word' id='word_1_148' title='bbox 89 2314 270 2399; x_wconf 83' lang='lat' dir='ltr'>significavi</span> <span class='ocrx_word' id='word_1_149' title='bbox 280 2312 362 2379; x_wconf 89' lang='lat' dir='ltr'>Mus.</span> <span class='ocrx_word' id='word_1_150' title='bbox 377 2314 488 2398; x_wconf 91' lang='lat' dir='ltr'>philol.</span> <span class='ocrx_word' id='word_1_151' title='bbox 504 2318 526 2378; x_wconf 89' lang='lat' dir='ltr'>t.</span> <span class='ocrx_word' id='word_1_152' title='bbox 542 2314 571 2379; x_wconf 89' lang='lat' dir='ltr'>V</span> <span class='ocrx_word' id='word_1_153' title='bbox 587 2338 617 2398; x_wconf 92' lang='lat' dir='ltr'>p.</span> <span class='ocrx_word' id='word_1_154' title='bbox 627 2315 670 2379; x_wconf 87' lang='grc'>43</span> <span class='ocrx_word' id='word_1_155' title='bbox 687 2316 742 2397; x_wconf 89' lang='lat'>[=</span> <span class='ocrx_word' id='word_1_156' title='bbox 754 2313 870 2397; x_wconf 89' lang='lat' dir='ltr'>Opusc.</span> <span class='ocrx_word' id='word_1_157' title='bbox 884 2313 965 2398; x_wconf 91' lang='lat' dir='ltr'>phil.</span> <span class='ocrx_word' id='word_1_158' title='bbox 979 2313 1028 2378; x_wconf 91' lang='lat' dir='ltr'>Ill</span> <span class='ocrx_word' id='word_1_159' title='bbox 1043 2338 1073 2398; x_wconf 91' lang='lat' dir='ltr'>p.</span> <span class='ocrx_word' id='word_1_160' title='bbox 1089 2315 1152 2379; x_wconf 80' lang='grc'>799</span> <span class='ocrx_word' id='word_1_161' title='bbox 1163 2314 1233 2398; x_wconf 88' lang='lat' dir='ltr'>sq.].</span> <span class='ocrx_word' id='word_1_162' title='bbox 1269 2377 1273 2384; x_wconf 80' lang='grc'><strong>,</strong></span> 
     </span>
     <span class='ocr_line' id='line_1_20' title="bbox 89 2421 1233 2505; baseline 0.001 -20"><span class='ocrx_word' id='word_1_163' title='bbox 89 2421 257 2486; x_wconf 89' lang='lat' dir='ltr'>Pertinent</span> <span class='ocrx_word' id='word_1_164' title='bbox 289 2421 352 2484; x_wconf 90' lang='lat' dir='ltr'>huc</span> <span class='ocrx_word' id='word_1_165' title='bbox 384 2425 511 2505; x_wconf 88' lang='lat' dir='ltr'>praeter</span> <span class='ocrx_word' id='word_1_166' title='bbox 539 2424 647 2486; x_wconf 90' lang='lat' dir='ltr'>cetera</span> <span class='ocrx_word' id='word_1_167' title='bbox 674 2443 746 2485; x_wconf 90' lang='lat' dir='ltr'>cum</span> <span class='ocrx_word' id='word_1_168' title='bbox 774 2421 1070 2504; x_wconf 85' lang='lat' dir='ltr'>praepositionibus</span> <span class='ocrx_word' id='word_1_169' title='bbox 1103 2422 1233 2505; x_wconf 90' lang='lat' dir='ltr'>conglu-</span> 
     </span>
     <span class='ocr_line' id='line_1_21' title="bbox 89 2527 1234 2611; baseline 0.001 -20"><span class='ocrx_word' id='word_1_170' title='bbox 89 2529 193 2593; x_wconf 88' lang='lat' dir='ltr'>tinata</span> <span class='ocrx_word' id='word_1_171' title='bbox 225 2528 371 2593; x_wconf 88' lang='lat' dir='ltr'>nomina:</span> <span class='ocrx_word' id='word_1_172' title='bbox 404 2529 493 2592; x_wconf 84' lang='lat' dir='ltr'>velut</span> <span class='ocrx_word' id='word_1_173' title='bbox 524 2551 589 2593; x_wconf 92' lang='lat' dir='ltr'>non</span> <span class='ocrx_word' id='word_1_174' title='bbox 612 2533 690 2592; x_wconf 87' lang='lat' dir='ltr'>sunt</span> <span class='ocrx_word' id='word_1_175' title='bbox 712 2527 898 2593; x_wconf 84' lang='lat' dir='ltr'>delitescere</span> <span class='ocrx_word' id='word_1_176' title='bbox 922 2528 1075 2594; x_wconf 90' lang='lat' dir='ltr'>dicendae</span> <span class='ocrx_word' id='word_1_177' title='bbox 1098 2550 1172 2611; x_wconf 76' lang='lat' dir='ltr'>equo</span> <span class='ocrx_word' id='word_1_178' title='bbox 1201 2532 1234 2592; x_wconf 90' lang='lat' dir='ltr'>et</span> 
     </span>
     <span class='ocr_line' id='line_1_22' title="bbox 87 2634 1232 2718; baseline -0.001 -19"><span class='ocrx_word' id='word_1_179' title='bbox 87 2637 191 2700; x_wconf 76' lang='lat' dir='ltr'>amica</span> <span class='ocrx_word' id='word_1_180' title='bbox 222 2656 317 2699; x_wconf 85' lang='lat' dir='ltr'>voces</span> <span class='ocrx_word' id='word_1_181' title='bbox 340 2634 456 2700; x_wconf 89' lang='lat' dir='ltr'>Bacch.</span> <span class='ocrx_word' id='word_1_182' title='bbox 480 2637 520 2699; x_wconf 86' lang='grc'>41</span> <span class='ocrx_word' id='word_1_183' title='bbox 553 2635 637 2718; x_wconf 81' lang='grc'><strong>[72];</strong></span> <span class='ocrx_word' id='word_1_184' title='bbox 660 2635 714 2699; x_wconf 82' lang='lat' dir='ltr'>u‘bi</span> <span class='ocrx_word' id='word_1_185' title='bbox 745 2636 791 2698; x_wconf 78' lang='lat' dir='ltr'>mi</span> <span class='ocrx_word' id='word_1_186' title='bbox 815 2636 880 2716; x_wconf 81' lang='lat' dir='ltr'>prd</span> <span class='ocrx_word' id='word_1_187' title='bbox 909 2657 982 2717; x_wconf 79' lang='lat' dir='ltr'>equo</span> <span class='ocrx_word' id='word_1_188' title='bbox 1015 2636 1106 2700; x_wconf 65' lang='lat' dir='ltr'>raas</span> <span class='ocrx_word' id='word_1_189' title='bbox 1137 2637 1232 2715; x_wconf 78' lang='lat' dir='ltr'>detur,</span> 
     </span>
     <span class='ocr_line' id='line_1_23' title="bbox 88 2741 1233 2825; baseline 0 -20"><span class='ocrx_word' id='word_1_190' title='bbox 88 2747 120 2807; x_wconf 90' lang='lat' dir='ltr'>et</span> <span class='ocrx_word' id='word_1_191' title='bbox 147 2765 174 2806; x_wconf 86' lang='lat' dir='ltr'>v.</span> <span class='ocrx_word' id='word_1_192' title='bbox 207 2744 268 2806; x_wconf 88' lang='grc'>109</span> <span class='ocrx_word' id='word_1_193' title='bbox 297 2741 405 2825; x_wconf 81' lang='lat'>[140]:</span> <span class='ocrx_word' id='word_1_194' title='bbox 438 2743 457 2805; x_wconf 80' lang='grc' dir='ltr'><em>ό</em></span> <span class='ocrx_word' id='word_1_195' title='bbox 494 2763 564 2807; x_wconf 81' lang='lat' dir='ltr'>crus</span> <span class='ocrx_word' id='word_1_196' title='bbox 595 2743 660 2805; x_wconf 69' lang='lat' dir='ltr'>aaa</span> <span class='ocrx_word' id='word_1_197' title='bbox 693 2743 762 2805; x_wconf 75' lang='lat' dir='ltr'>edm</span> <span class='ocrx_word' id='word_1_198' title='bbox 794 2743 897 2806; x_wconf 67' lang='lat' dir='ltr'>amico</span> <span class='ocrx_word' id='word_1_199' title='bbox 922 2741 1056 2825; x_wconf 59' lang='lat' dir='ltr'>model,</span> <span class='ocrx_word' id='word_1_200' title='bbox 1084 2763 1142 2806; x_wconf 89' lang='lat' dir='ltr'>nec</span> <span class='ocrx_word' id='word_1_201' title='bbox 1169 2743 1233 2824; x_wconf 79' lang='lat' dir='ltr'>illo,</span> 
     </span>
     <span class='ocr_line' id='line_1_24' title="bbox 86 2847 1232 2931; baseline -0.002 -18"><span class='ocrx_word' id='word_1_202' title='bbox 86 2851 151 2914; x_wconf 75' lang='lat' dir='ltr'>illic</span> <span class='ocrx_word' id='word_1_203' title='bbox 178 2848 264 2914; x_wconf 82' lang='lat' dir='ltr'>Trin.</span> <span class='ocrx_word' id='word_1_204' title='bbox 297 2850 367 2913; x_wconf 85' lang='lat'>134.</span> <span class='ocrx_word' id='word_1_205' title='bbox 397 2850 462 2914; x_wconf 80' lang='lat'>203</span> <span class='ocrx_word' id='word_1_206' title='bbox 492 2849 526 2912; x_wconf 92' lang='lat' dir='ltr'>in</span> <span class='ocrx_word' id='word_1_207' title='bbox 553 2870 648 2930; x_wconf 71' lang='lat' dir='ltr'>sieque</span> <span class='ocrx_word' id='word_1_208' title='bbox 673 2849 714 2913; x_wconf 86' lang='lat' dir='ltr'>de&#39;</span> <span class='ocrx_word' id='word_1_209' title='bbox 736 2849 791 2912; x_wconf 72' lang='lat' dir='ltr'>illc</span> <span class='ocrx_word' id='word_1_210' title='bbox 820 2850 868 2925; x_wconf 86' lang='lat' dir='ltr'>[de</span> <span class='ocrx_word' id='word_1_211' title='bbox 894 2847 981 2931; x_wconf 62' lang='lat' dir='ltr'>illel]</span> <span class='ocrx_word' id='word_1_212' title='bbox 1008 2851 1173 2930; x_wconf 75' lang='lat' dir='ltr'>quicquam</span> <span class='ocrx_word' id='word_1_213' title='bbox 1200 2852 1232 2911; x_wconf 89' lang='lat' dir='ltr'>et</span> 
     </span>
     <span class='ocr_line' id='line_1_25' title="bbox 85 2951 1335 3039; baseline -0.001 -19"><span class='ocrx_word' id='word_1_214' title='bbox 85 2956 155 3020; x_wconf 75' lang='lat' dir='ltr'>crim</span> <span class='ocrx_word' id='word_1_215' title='bbox 183 2957 247 3022; x_wconf 78' lang='lat' dir='ltr'>illis</span> <span class='ocrx_word' id='word_1_216' title='bbox 276 2960 358 3036; x_wconf 79' lang='lat' dir='ltr'>[cum</span> <span class='ocrx_word' id='word_1_217' title='bbox 385 2951 482 3037; x_wconf 55' lang='lat' dir='ltr'>ilud]</span> <span class='ocrx_word' id='word_1_218' title='bbox 510 2955 583 3020; x_wconf 73' lang='lat' dir='ltr'>duo.</span> <span class='ocrx_word' id='word_1_219' title='bbox 630 2954 834 3039; x_wconf 75' lang='lat' dir='ltr'>Quamquam</span> <span class='ocrx_word' id='word_1_220' title='bbox 856 2957 944 3039; x_wconf 86' lang='lat' dir='ltr'>ipsas</span> <span class='ocrx_word' id='word_1_221' title='bbox 973 2955 1230 3039; x_wconf 89' lang='lat' dir='ltr'>praepositiones</span> <span class='ocrx_word' id='word_1_222' title='bbox 1246 2986 1335 3027; x_wconf 67' lang='lat' dir='ltr'>cmx</span> 
     </span>
     <span class='ocr_line' id='line_1_26' title="bbox 86 3061 1230 3147; baseline -0.002 -20"><span class='ocrx_word' id='word_1_223' title='bbox 86 3063 161 3128; x_wconf 91' lang='lat' dir='ltr'>hinc</span> <span class='ocrx_word' id='word_1_224' title='bbox 188 3063 360 3128; x_wconf 83' lang='lat' dir='ltr'>exemerim</span> <span class='ocrx_word' id='word_1_225' title='bbox 388 3063 512 3147; x_wconf 86' lang='lat' dir='ltr'>potius,</span> <span class='ocrx_word' id='word_1_226' title='bbox 536 3067 706 3146; x_wconf 87' lang='lat' dir='ltr'>propterea</span> <span class='ocrx_word' id='word_1_227' title='bbox 730 3061 859 3146; x_wconf 89' lang='lat' dir='ltr'>quidem</span> <span class='ocrx_word' id='word_1_228' title='bbox 883 3061 968 3146; x_wconf 91' lang='lat' dir='ltr'>quod</span> <span class='ocrx_word' id='word_1_229' title='bbox 991 3061 1107 3126; x_wconf 88' lang='lat' dir='ltr'>harum</span> <span class='ocrx_word' id='word_1_230' title='bbox 1130 3062 1230 3127; x_wconf 89' lang='lat' dir='ltr'>latius</span> 
     </span>
     <span class='ocr_line' id='line_1_27' title="bbox 85 3167 1230 3253; baseline 0 -19"><span class='ocrx_word' id='word_1_231' title='bbox 85 3173 202 3253; x_wconf 86' lang='lat' dir='ltr'>patens</span> <span class='ocrx_word' id='word_1_232' title='bbox 234 3168 368 3233; x_wconf 87' lang='lat' dir='ltr'>libertas</span> <span class='ocrx_word' id='word_1_233' title='bbox 401 3170 488 3233; x_wconf 85' lang='lat' dir='ltr'>ultra</span> <span class='ocrx_word' id='word_1_234' title='bbox 517 3169 591 3233; x_wconf 88' lang='lat' dir='ltr'>illos</span> <span class='ocrx_word' id='word_1_235' title='bbox 624 3169 703 3232; x_wconf 87' lang='lat' dir='ltr'>fines</span> <span class='ocrx_word' id='word_1_236' title='bbox 728 3170 896 3252; x_wconf 87' lang='lat' dir='ltr'>evagatur:</span> <span class='ocrx_word' id='word_1_237' title='bbox 930 3167 1050 3252; x_wconf 91' lang='lat' dir='ltr'>quippe</span> <span class='ocrx_word' id='word_1_238' title='bbox 1078 3191 1160 3252; x_wconf 89' lang='lat' dir='ltr'>quae</span> <span class='ocrx_word' id='word_1_239' title='bbox 1188 3169 1230 3234; x_wconf 87' lang='lat' dir='ltr'>si·</span> 
     </span>
     <span class='ocr_line' id='line_1_28' title="bbox 86 3273 1228 3361; baseline 0.002 -22"><span class='ocrx_word' id='word_1_240' title='bbox 86 3273 211 3361; x_wconf 80' lang='lat' dir='ltr'>mili**)</span> <span class='ocrx_word' id='word_1_241' title='bbox 235 3276 267 3340; x_wconf 82' lang='lat' dir='ltr'>vi</span> <span class='ocrx_word' id='word_1_242' title='bbox 290 3275 429 3358; x_wconf 88' lang='lat' dir='ltr'>enclisis,</span> <span class='ocrx_word' id='word_1_243' title='bbox 451 3298 489 3340; x_wconf 90' lang='lat' dir='ltr'>ao</span> <span class='ocrx_word' id='word_1_244' title='bbox 513 3276 551 3340; x_wconf 93' lang='lat' dir='ltr'>de</span> <span class='ocrx_word' id='word_1_245' title='bbox 575 3298 640 3359; x_wconf 86' lang='lat' dir='ltr'>qua</span> <span class='ocrx_word' id='word_1_246' title='bbox 663 3298 761 3358; x_wconf 89' lang='lat' dir='ltr'>supra</span> <span class='ocrx_word' id='word_1_247' title='bbox 784 3275 924 3340; x_wconf 83' lang='lat' dir='ltr'>diximus</span> <span class='ocrx_word' id='word_1_248' title='bbox 945 3276 1228 3360; x_wconf 75' lang='lat' dir='ltr'>p.ccxx11[457]</span> 
     </span>
     <span class='ocr_line' id='line_1_29' title="bbox 85 3381 1230 3465; baseline 0.003 -22"><span class='ocrx_word' id='word_1_249' title='bbox 85 3386 118 3445; x_wconf 86' lang='lat' dir='ltr'>et</span> <span class='ocrx_word' id='word_1_250' title='bbox 133 3398 263 3447; x_wconf 80' lang='lat' dir='ltr'>ccxxvl</span> <span class='ocrx_word' id='word_1_251' title='bbox 274 3404 320 3464; x_wconf 88' lang='lat' dir='ltr'>sq.</span> <span class='ocrx_word' id='word_1_252' title='bbox 340 3382 445 3465; x_wconf 82' lang='lat'>[461],</span> <span class='ocrx_word' id='word_1_253' title='bbox 464 3404 536 3446; x_wconf 91' lang='lat' dir='ltr'>cum</span> <span class='ocrx_word' id='word_1_254' title='bbox 555 3383 622 3447; x_wconf 89' lang='lat' dir='ltr'>suis</span> <span class='ocrx_word' id='word_1_255' title='bbox 636 3381 822 3446; x_wconf 88' lang='lat' dir='ltr'>nominibus</span> <span class='ocrx_word' id='word_1_256' title='bbox 836 3381 1019 3445; x_wconf 88' lang='lat' dir='ltr'>etiamtum</span> <span class='ocrx_word' id='word_1_257' title='bbox 1038 3381 1230 3465; x_wconf 85' lang='lat' dir='ltr'>coalescant,</span> 
     </span>
     <span class='ocr_line' id='line_1_30' title="bbox 84 3487 1230 3572; baseline -0.001 -19"><span class='ocrx_word' id='word_1_258' title='bbox 84 3511 156 3553; x_wconf 89' lang='lat' dir='ltr'>oum</span> <span class='ocrx_word' id='word_1_259' title='bbox 173 3493 229 3552; x_wconf 89' lang='lat' dir='ltr'>aut</span> <span class='ocrx_word' id='word_1_260' title='bbox 241 3489 323 3554; x_wconf 91' lang='lat' dir='ltr'>haec</span> <span class='ocrx_word' id='word_1_261' title='bbox 337 3489 563 3572; x_wconf 85' lang='lat' dir='ltr'>monosyllaba</span> <span class='ocrx_word' id='word_1_262' title='bbox 578 3491 653 3554; x_wconf 91' lang='lat' dir='ltr'>sunt</span> <span class='ocrx_word' id='word_1_263' title='bbox 667 3493 723 3553; x_wconf 88' lang='lat' dir='ltr'>aut</span> <span class='ocrx_word' id='word_1_264' title='bbox 736 3489 827 3572; x_wconf 91' lang='lat' dir='ltr'>ipsae</span> <span class='ocrx_word' id='word_1_265' title='bbox 842 3488 1033 3572; x_wconf 79' lang='lat' dir='ltr'>bisyllebae.</span> <span class='ocrx_word' id='word_1_266' title='bbox 1056 3488 1126 3563; x_wconf 84' lang='lat' dir='ltr'>Quo</span> <span class='ocrx_word' id='word_1_267' title='bbox 1141 3487 1230 3552; x_wconf 86' lang='lat' dir='ltr'>litut</span> 
     </span>
     <span class='ocr_line' id='line_1_31' title="bbox 84 3595 1230 3679; baseline 0.002 -21"><span class='ocrx_word' id='word_1_268' title='bbox 84 3596 118 3659; x_wconf 92' lang='lat' dir='ltr'>in</span> <span class='ocrx_word' id='word_1_269' title='bbox 141 3599 244 3660; x_wconf 88' lang='lat' dir='ltr'>artem</span> <span class='ocrx_word' id='word_1_270' title='bbox 268 3617 335 3660; x_wconf 89' lang='lat' dir='ltr'>non</span> <span class='ocrx_word' id='word_1_271' title='bbox 357 3600 489 3678; x_wconf 88' lang='lat' dir='ltr'>peccent</span> <span class='ocrx_word' id='word_1_272' title='bbox 512 3595 581 3660; x_wconf 77' lang='lat' dir='ltr'>etim</span> <span class='ocrx_word' id='word_1_273' title='bbox 603 3597 717 3661; x_wconf 64' lang='lat' dir='ltr'>ommno</span> <span class='ocrx_word' id='word_1_274' title='bbox 740 3597 769 3660; x_wconf 75' lang='lat' dir='ltr'>cl</span> <span class='ocrx_word' id='word_1_275' title='bbox 790 3596 873 3660; x_wconf 74' lang='lat' dir='ltr'>reolo</span> <span class='ocrx_word' id='word_1_276' title='bbox 895 3595 981 3660; x_wconf 84' lang='lat' dir='ltr'>Trin.</span> <span class='ocrx_word' id='word_1_277' title='bbox 1002 3595 1077 3679; x_wconf 81' lang='lat'>219,</span> <span class='ocrx_word' id='word_1_278' title='bbox 1093 3596 1163 3660; x_wconf 70' lang='lat' dir='ltr'>carn</span> <span class='ocrx_word' id='word_1_279' title='bbox 1181 3597 1230 3660; x_wconf 78' lang='lat' dir='ltr'>dis</span> 
     </span>
    </p>
   </div>
   <div class='ocr_carea' id='block_1_4' title="bbox 82 3839 1228 4535">
    <p class='ocr_par' dir='ltr' id='par_1_5' title="bbox 82 3839 1228 4091">
     <span class='ocr_line' id='line_1_32' title="bbox 173 3839 1228 3912; baseline -0.001 -16"><span class='ocrx_word' id='word_1_280' title='bbox 173 3841 199 3909; x_wconf 83' lang='lat'>*)</span> <span class='ocrx_word' id='word_1_281' title='bbox 220 3842 378 3912; x_wconf 84' lang='lat' dir='ltr'>Cognatum</span> <span class='ocrx_word' id='word_1_282' title='bbox 406 3842 477 3896; x_wconf 88' lang='lat' dir='ltr'>illud</span> <span class='ocrx_word' id='word_1_283' title='bbox 505 3859 592 3912; x_wconf 84' lang='lat' dir='ltr'>genus</span> <span class='ocrx_word' id='word_1_284' title='bbox 621 3845 663 3897; x_wconf 88' lang='lat' dir='ltr'>est</span> <span class='ocrx_word' id='word_1_285' title='bbox 691 3859 724 3896; x_wconf 85' lang='lat' dir='ltr'>ex</span> <span class='ocrx_word' id='word_1_286' title='bbox 753 3842 906 3910; x_wconf 88' lang='lat' dir='ltr'>eodemque</span> <span class='ocrx_word' id='word_1_287' title='bbox 935 3842 1011 3896; x_wconf 81' lang='lat' dir='ltr'>fonte</span> <span class='ocrx_word' id='word_1_288' title='bbox 1036 3839 1228 3909; x_wconf 86' lang='lat' dir='ltr'>derivandum,</span> 
     </span>
     <span class='ocr_line' id='line_1_33' title="bbox 84 3926 1227 4001; baseline -0.001 -16"><span class='ocrx_word' id='word_1_289' title='bbox 84 3948 176 3986; x_wconf 88' lang='lat' dir='ltr'>cume</span> <span class='ocrx_word' id='word_1_290' title='bbox 195 3949 276 3984; x_wconf 63' lang='lat' dir='ltr'>noa</span> <span class='ocrx_word' id='word_1_291' title='bbox 294 3931 326 3984; x_wconf 86' lang='lat' dir='ltr'>fit</span> <span class='ocrx_word' id='word_1_292' title='bbox 343 3943 474 3997; x_wconf 62' lang='lat' dir='ltr'>oona,</span> <span class='ocrx_word' id='word_1_293' title='bbox 492 3932 571 3988; x_wconf 85' lang='lat' dir='ltr'>velut</span> <span class='ocrx_word' id='word_1_294' title='bbox 587 3926 779 4001; x_wconf 77' lang='lat' dir='ltr'>prdpitiusad</span> <span class='ocrx_word' id='word_1_295' title='bbox 794 3931 1006 3986; x_wconf 87' lang='lat' dir='ltr'>similitudinem</span> <span class='ocrx_word' id='word_1_296' title='bbox 1021 3931 1159 4000; x_wconf 76' lang='lat' dir='ltr'>prodipus</span> <span class='ocrx_word' id='word_1_297' title='bbox 1173 3930 1227 3985; x_wconf 80' lang='lat' dir='ltr'>for-</span> 
     </span>
     <span class='ocr_line' id='line_1_34' title="bbox 82 4020 693 4091; baseline 0.002 -16"><span class='ocrx_word' id='word_1_298' title='bbox 82 4037 153 4076; x_wconf 83' lang='lat' dir='ltr'>mae.</span> <span class='ocrx_word' id='word_1_299' title='bbox 192 4020 272 4087; x_wconf 85' lang='lat' dir='ltr'>Quod</span> <span class='ocrx_word' id='word_1_300' title='bbox 289 4021 420 4081; x_wconf 78' lang='lat' dir='ltr'>suolooc</span> <span class='ocrx_word' id='word_1_301' title='bbox 439 4020 584 4091; x_wconf 86' lang='lat' dir='ltr'>tetigimus</span> <span class='ocrx_word' id='word_1_302' title='bbox 602 4038 693 4091; x_wconf 82' lang='lat' dir='ltr'>snpra</span> 
     </span>
    </p>

    <p class='ocr_par' dir='ltr' id='par_1_6' title="bbox 82 4107 1228 4535">
     <span class='ocr_line' id='line_1_35' title="bbox 154 4107 1228 4178; baseline -0.003 -14"><span class='ocrx_word' id='word_1_303' title='bbox 154 4109 196 4178; x_wconf 84' lang='lat'>**)</span> <span class='ocrx_word' id='word_1_304' title='bbox 216 4109 343 4164; x_wconf 85' lang='lat' dir='ltr'>Similem</span> <span class='ocrx_word' id='word_1_305' title='bbox 366 4109 443 4178; x_wconf 87' lang='lat' dir='ltr'>dico,</span> <span class='ocrx_word' id='word_1_306' title='bbox 466 4125 522 4164; x_wconf 92' lang='lat' dir='ltr'>non</span> <span class='ocrx_word' id='word_1_307' title='bbox 540 4124 648 4178; x_wconf 81' lang='lat' dir='ltr'>parem,</span> <span class='ocrx_word' id='word_1_308' title='bbox 672 4127 736 4164; x_wconf 89' lang='lat' dir='ltr'>cum</span> <span class='ocrx_word' id='word_1_309' title='bbox 755 4109 791 4162; x_wconf 84' lang='lat' dir='ltr'>ad</span> <span class='ocrx_word' id='word_1_310' title='bbox 811 4125 892 4163; x_wconf 84' lang='lat' dir='ltr'>verae</span> <span class='ocrx_word' id='word_1_311' title='bbox 911 4107 1021 4162; x_wconf 80' lang='lat' dir='ltr'>enclisis</span> <span class='ocrx_word' id='word_1_312' title='bbox 1038 4108 1168 4162; x_wconf 84' lang='lat' dir='ltr'>naturam</span> <span class='ocrx_word' id='word_1_313' title='bbox 1187 4123 1228 4161; x_wconf 88' lang='lat' dir='ltr'>rc·</span> 
     </span>
     <span class='ocr_line' id='line_1_36' title="bbox 83 4195 1227 4268; baseline -0.005 -13"><span class='ocrx_word' id='word_1_314' title='bbox 83 4199 211 4267; x_wconf 85' lang='lat' dir='ltr'>quiratur</span> <span class='ocrx_word' id='word_1_315' title='bbox 235 4202 267 4254; x_wconf 87' lang='lat' dir='ltr'>ut</span> <span class='ocrx_word' id='word_1_316' title='bbox 288 4199 381 4268; x_wconf 83' lang='lat' dir='ltr'>logico</span> <span class='ocrx_word' id='word_1_317' title='bbox 405 4200 522 4254; x_wconf 85' lang='lat' dir='ltr'>accentu</span> <span class='ocrx_word' id='word_1_318' title='bbox 544 4214 652 4253; x_wconf 81' lang='lat' dir='ltr'>annexa</span> <span class='ocrx_word' id='word_1_319' title='bbox 675 4199 775 4254; x_wconf 88' lang='lat' dir='ltr'>vocula</span> <span class='ocrx_word' id='word_1_320' title='bbox 799 4201 895 4253; x_wconf 83' lang='lat' dir='ltr'>careat</span> <span class='ocrx_word' id='word_1_321' title='bbox 918 4197 961 4266; x_wconf 89' lang='lat' dir='ltr'>(id</span> <span class='ocrx_word' id='word_1_322' title='bbox 984 4196 1059 4267; x_wconf 90' lang='lat' dir='ltr'>qnod</span> <span class='ocrx_word' id='word_1_323' title='bbox 1077 4195 1107 4249; x_wconf 93' lang='lat' dir='ltr'>in</span> <span class='ocrx_word' id='word_1_324' title='bbox 1125 4211 1227 4266; x_wconf 83' lang='lat' dir='ltr'>graeca</span> 
     </span>
     <span class='ocr_line' id='line_1_37' title="bbox 83 4285 1226 4358; baseline -0.003 -17"><span class='ocrx_word' id='word_1_325' title='bbox 83 4286 195 4356; x_wconf 88' lang='lat' dir='ltr'>quidem</span> <span class='ocrx_word' id='word_1_326' title='bbox 219 4287 317 4358; x_wconf 83' lang='lat' dir='ltr'>lingua</span> <span class='ocrx_word' id='word_1_327' title='bbox 339 4287 367 4342; x_wconf 94' lang='lat' dir='ltr'>in</span> <span class='ocrx_word' id='word_1_328' title='bbox 390 4285 544 4357; x_wconf 88' lang='lat' dir='ltr'>pedisequa</span> <span class='ocrx_word' id='word_1_329' title='bbox 567 4286 806 4357; x_wconf 88' lang='lat' dir='ltr'>praepositionum</span> <span class='ocrx_word' id='word_1_330' title='bbox 830 4285 995 4356; x_wconf 84' lang='lat' dir='ltr'>pronomina</span> <span class='ocrx_word' id='word_1_331' title='bbox 1018 4287 1130 4340; x_wconf 82' lang='lat' dir='ltr'>constat</span> <span class='ocrx_word' id='word_1_332' title='bbox 1147 4302 1226 4338; x_wconf 91' lang='lat' dir='ltr'>num·</span> 
     </span>
     <span class='ocr_line' id='line_1_38' title="bbox 83 4373 1226 4446; baseline -0.001 -16"><span class='ocrx_word' id='word_1_333' title='bbox 83 4392 167 4444; x_wconf 88' lang='lat' dir='ltr'>quam</span> <span class='ocrx_word' id='word_1_334' title='bbox 186 4376 304 4445; x_wconf 82' lang='lat' dir='ltr'>cadere).</span> <span class='ocrx_word' id='word_1_335' title='bbox 343 4376 398 4430; x_wconf 85' lang='lat' dir='ltr'>Sed</span> <span class='ocrx_word' id='word_1_336' title='bbox 416 4392 563 4431; x_wconf 90' lang='lat' dir='ltr'>commune</span> <span class='ocrx_word' id='word_1_337' title='bbox 581 4377 625 4431; x_wconf 87' lang='lat' dir='ltr'>est</span> <span class='ocrx_word' id='word_1_338' title='bbox 646 4375 721 4444; x_wconf 86' lang='lat' dir='ltr'>quod</span> <span class='ocrx_word' id='word_1_339' title='bbox 744 4373 998 4446; x_wconf 81' lang='lat' dir='ltr'>praepositionibus</span> <span class='ocrx_word' id='word_1_340' title='bbox 1016 4373 1112 4429; x_wconf 86' lang='lat' dir='ltr'>iuncta</span> <span class='ocrx_word' id='word_1_341' title='bbox 1130 4376 1160 4430; x_wconf 90' lang='lat' dir='ltr'>et</span> <span class='ocrx_word' id='word_1_342' title='bbox 1176 4391 1226 4429; x_wconf 91' lang='lat' dir='ltr'>no·</span> 
     </span>
     <span class='ocr_line' id='line_1_39' title="bbox 82 4463 1224 4535; baseline 0.003 -18"><span class='ocrx_word' id='word_1_343' title='bbox 82 4464 161 4519; x_wconf 89' lang='lat' dir='ltr'>mina</span> <span class='ocrx_word' id='word_1_344' title='bbox 173 4467 203 4520; x_wconf 87' lang='lat' dir='ltr'>et</span> <span class='ocrx_word' id='word_1_345' title='bbox 216 4465 384 4534; x_wconf 88' lang='lat' dir='ltr'>pronomina</span> <span class='ocrx_word' id='word_1_346' title='bbox 397 4467 540 4533; x_wconf 80' lang='lat' dir='ltr'>tamquam</span> <span class='ocrx_word' id='word_1_347' title='bbox 560 4465 589 4519; x_wconf 90' lang='lat' dir='ltr'>in</span> <span class='ocrx_word' id='word_1_348' title='bbox 607 4464 785 4535; x_wconf 79' lang='lat' dir='ltr'>polysyllaba</span> <span class='ocrx_word' id='word_1_349' title='bbox 804 4464 941 4520; x_wconf 84' lang='lat' dir='ltr'>vocabula</span> <span class='ocrx_word' id='word_1_350' title='bbox 960 4463 1097 4518; x_wconf 88' lang='lat' dir='ltr'>cumillis</span> <span class='ocrx_word' id='word_1_351' title='bbox 1115 4465 1224 4519; x_wconf 84' lang='lat' dir='ltr'>coeunt.</span> 
     </span>
    </p>
   </div>
   <div class='ocr_carea' id='block_1_5' title="bbox 0 0 1474 5004">
    <p class='ocr_par' dir='ltr' id='par_1_7' title="bbox 0 0 1474 5004">
     <span class='ocr_line' id='line_1_40' title="bbox 0 0 1474 5004; baseline 0 3"><span class='ocrx_word' id='word_1_352' title='bbox 0 0 1474 5004; x_wconf 95' lang='lat' dir='ltr'> </span> 
     </span>
    </p>
   </div>
  </div>
 </body>
</html>
