2940 5004
309 366 311 368 ’
389 365 653 417 sunnnamonrs
677 364 885 414 curvamen.
1145 346 1210 414 499

67 512 205 579 cervatis
228 513 364 600 dactylis
389 536 514 600 augere.
547 514 662 599 Itaque
680 537 745 579 non
766 513 869 599 magis
889 512 1041 598 consequi
1060 510 1211 595 dactylus

65 622 99 686 in
121 623 234 706 quinto
258 623 338 706 pede
361 623 469 706 potuit
492 621 579 686 Trin.
603 622 683 687 338:

156 764 239 841 Quia
263 765 332 830 sine
356 766 444 830 omni
468 764 640 848 militiast,
664 766 804 830 tolersire
828 765 856 828 ei
880 766 1059 849 egestatem
1083 764 1168 846 uolo,

67 906 137 994 (ubi
166 911 194 972 si
221 930 286 974 non
315 912 366 972 est
388 913 545 990 cpestatem
567 909 596 972 ei
618 906 908 992 transponendum,
936 907 971 970 in
994 928 1092 971 unam
1116 905 1211 989 sylla·

66 1014 140 1078 bam
164 1037 209 1078 -re
232 1017 259 1079 ei
281 1037 307 1079 e·
332 1016 517 1079 coalescunt
539 1012 809 1100 pronuntianda)
839 1036 935 1099 quam
964 1012 1156 1098 praecedere
1179 1012 1212 1075 in

66 1122 162 1186 tertio
187 1122 267 1206 pede
290 1121 408 1186 Bacch.
432 1123 625 1203 531[563]:

155 1262 239 1339 Qui?
263 1265 324 1329 tibi
347 1288 413 1331 non
437 1268 507 1330 erat
530 1266 735 1332 meretricum
760 1265 898 1330 aliarum
922 1263 1062 1328 Athenis
1086 1263 1191 1346 copia.

68 1407 130 1483 Qui
155 1429 266 1472 versus
291 1431 363 1472 cum
387 1409 629 1494 quadruplicem
653 1407 942 1492 transpositionem
967 1406 1132 1470 admittat:

156 1548 220 1624 Qui
241 1573 307 1615 non
329 1553 536 1617 meretricum
560 1534 623 1616 tibi
648 1553 785 1616 aliarum
810 1553 881 1616 erat
904 1550 943 1614 A.
968 1572 992 1614 c.

158 1655 223 1732 Qus
244 1678 309 1722 non
333 1657 472 1723 aliarum
496 1659 557 1725 tibi
580 1659 784 1724 meretricum
809 1661 879 1722 erat
902 1657 940 1722 A.
965 1678 990 1722 c.

160 1761 225 1839 Qui
246 1764 306 1828 tibi
329 1787 394 1829 non
419 1767 556 1831 aliarum
579 1766 787 1830 meretricum
811 1767 880 1830 erat
905 1765 942 1828 A.
966 1785 991 1828 c.

156 1870 220 1946 Qui
241 1871 302 1936 tibi
326 1894 392 1938 non
417 1871 623 1937 meretricum
647 1872 785 1937 aliarum
808 1873 879 1935 erat
903 1871 941 1935 A.
962 1893 1000 1935 c:

68 2015 130 2078 etsi
149 2014 264 2079 horum
285 2015 505 2100 exemplorum
525 2017 650 2079 nullum
669 2019 719 2078 est
737 2015 828 2078 cuius
846 2037 912 2078 non
931 2014 1051 2077 similia
1070 2036 1138 2096 cap.
1152 2013 1213 2078 XV

70 2120 311 2205 protulerimus,
334 2124 443 2186 tamen
467 2122 583 2186 ceteris
606 2121 714 2185 nescio
739 2144 781 2185 an
805 2124 839 2185 et
862 2120 1080 2204 simplicitatis
1100 2124 1133 2183 et
1152 2121 1213 2184 ele·

68 2227 199 2311 gantiae
223 2227 317 2292 laude
341 2234 492 2313 quartum
512 2231 654 2313 praestet
673 2220 746 2292 cum
768 2228 889 2292 usitato
908 2227 941 2290 in
963 2246 1095 2290 caesura
1112 2226 1215 2309 hiatu,

67 2335 231 2419 triplicato
256 2337 365 2400 autem
391 2338 432 2400 ab
456 2336 550 2401 initio
574 2336 712 2420 dactylo.

157 2441 196 2506 In
219 2442 290 2531 ipso
315 2448 424 2508 autem
448 2447 566 2527 quarto
595 2444 813 2528 septenarii
836 2442 918 2526 pede
942 2442 1117 2527 atquibus
1141 2464 1213 2507 con-

68 2548 250 2615 dicionibus
273 2551 395 2634 dactyli
419 2573 497 2616 usus
521 2551 674 2615 astrictus
694 2551 738 2614 sit
756 2551 975 2635 intellegatur,
998 2549 1088 2634 prius
1107 2537 1158 2614 est
1176 2550 1215 2614 de

68 2679 251 2722 cassurae
274 2658 457 2722 rationibus
477 2657 588 2741 paullo
608 2658 797 2742 explicatius
817 2657 996 2721 dicendum.
1026 2656 1107 2721 Eam
1129 2656 1214 2719 enim
1229 2675 1367 2715 ccnxxrv

69 2786 141 2829 cum
170 2764 343 2848 septenarii
371 2765 553 2849 legitimam
578 2764 720 2829 habeant
742 2770 818 2849 post
841 2768 995 2849 quartum
1018 2763 1215 2846 trochaeum,

67 2894 133 2936 non
158 2876 207 2935 est
229 2894 267 2936 ea
290 2871 518 2956 quidem'raro
542 2872 701 2956 neglecta,
725 2873 868 2937 sednon
893 2875 1077 2937 esttamen
1101 2872 1215 2954 quovis

68 2978 164 3042 modo
192 2979 351 3064 neglecta.
398 2978 524 3062 Quippe
554 2978 746 3063 principalis
776 3000 927 3043 caesurae
956 2977 1045 3041 illius
1077 2977 1214 3042 vicarias

69 3089 237 3170 poetarum
269 3109 321 3150 ars
353 3085 468 3150 ascivit
498 3086 705 3150 secundariae
736 3086 829 3170 duas,
862 3107 997 3170 quarum
1029 3085 1133 3149 altera
1164 3088 1214 3148 est
1263 3067 1278 3088 ’

68 3196 143 3275 post
166 3197 315 3278 quartam
340 3192 448 3275 araim,
472 3197 547 3275 post
570 3193 716 3276 quintam
741 3193 840 3257 araim
864 3193 979 3256 altera:

440 3353 539 3385 Amo
557 3353 627 3384 ru-
644 3337 648 3400 Ι
663 3358 682 3383 υ
699 3353 798 3384 som
815 3354 886 3385 ,ιυ-

441 3443 539 3475 Las-v
556 3443 655 3474 Lar-v
673 3444 689 3474 L
705 3425 710 3492 1
725 3448 798 3474 mu
815 3444 887 3475 Lu-

70 3549 246 3632 Vtriusque
270 3572 287 3612 e
311 3549 501 3616 Trinummo
526 3552 674 3636 exempla
697 3552 838 3616 afferam.
884 3550 929 3614 Et
952 3550 1062 3633 prius
1087 3549 1215 3633 quidem

69 3676 188 3740 genus,
221 3657 254 3719 in
282 3678 345 3740 quo
374 3658 563 3742 plerumque
587 3658 711 3723 accedit
734 3661 808 3742 post
832 3656 980 3739 quintam
1003 3654 1123 3719 thesim
1146 3674 1215 3717 eae·

70 3784 148 3825 sura
170 3761 299 3847 podica,
321 3762 424 3828 habes
447 3787 476 3828 v.
500 3765 575 3829 333.
599 3765 673 3830 364.
698 3765 772 3829 370.
796 3764 870 3829 656.
895 3764 968 3827 845.
994 3762 1094 3825 1023:

159 3903 258 4016 hlihss
272 3905 420 3970 istorum.
445 3904 530 3982 Quid
549 3906 672 3990 igitur?
695 3906 759 3970 Per
778 3907 965 3970 comitatem
984 3903 1097 3987 edepol
1115 3908 1216 3986 pater.

159 4030 208 4095 llo
233 4053 298 4095 non
323 4032 435 4116 multa,
459 4034 542 4116 quae
560 4031 683 4115 neuolt,
706 4031 868 4114 eueniunt,
891 4029 953 4093 nisi
973 4029 1068 4093 fictor
1087 4029 1216 4093 malust.

160 4137 210 4201 Tu
233 4139 394 4205 modone
419 4161 469 4203 me
494 4138 667 4222 prohibeas
692 4136 836 4222 accipere
861 4138 888 4201 si
912 4136 988 4219 quid
1011 4137 1067 4200 det
1090 4135 1180 4200 mihi.

159 4238 207 4325 iit
229 4286 297 4328 rem
322 4263 462 4347 patriam
486 4267 518 4327 et
542 4262 681 4346 gldriam
703 4261 864 4326 maiorum
887 4258 1044 4325 foedarim
1070 4284 1184 4326 meum.

162 4351 310 4436 Aduenio
334 4392 372 4434 ex
397 4369 556 4454 Seleucia,
581 4368 784 4452 Macedonia,
809 4368 889 4432 Asia
913 4373 1010 4452 atque
1034 4350 1165 4432 Arabia.

162 4475 305 4551 Quorum
329 4477 435 4543 hercle
459 4502 541 4544 unus
566 4476 730 4561 surpuerit
751 4475 893 4540 currenti
918 4474 1045 4541 cursori
1067 4476 1180 4539 solum.

950 4580 1005 4634 32*
