<?xml version="1.0" encoding="UTF-8"?>
<!DOCTYPE html PUBLIC "-//W3C//DTD XHTML 1.0 Transitional//EN"
    "http://www.w3.org/TR/xhtml1/DTD/xhtml1-transitional.dtd">
<html xmlns="http://www.w3.org/1999/xhtml" xml:lang="en" lang="en">
 <head>
  <title>
</title>
<meta http-equiv="Content-Type" content="text/html;charset=utf-8" />
  <meta name='ocr-system' content='tesseract 3.04.00' />
  <meta name='ocr-capabilities' content='ocr_page ocr_carea ocr_par ocr_line ocrx_word'/>
</head>
<body>
  <div class='ocr_page' id='page_1' title='image "./fridericiritsch05wachgoog_0498.png"; bbox 0 0 2940 5004; ppageno 0'>
   <div class='ocr_carea' id='block_1_1' title="bbox 418 352 1235 419">
    <p class='ocr_par' dir='ltr' id='par_1_1' title="bbox 418 352 1235 419">
     <span class='ocr_line' id='line_1_1' title="bbox 418 352 1235 419; baseline 0.006 -6"><span class='ocrx_word' id='word_1_1' title='bbox 418 367 681 416; x_wconf 77' lang='lat' dir='ltr'><strong>nnnnnmronrs</strong></span> <span class='ocrx_word' id='word_1_2' title='bbox 707 367 912 416; x_wconf 73' lang='lat' dir='ltr'><strong>rnsvmnna</strong></span> <span class='ocrx_word' id='word_1_3' title='bbox 1172 352 1235 419; x_wconf 81' lang='grc'><strong>481</strong></span> 
     </span>
    </p>
   </div>
   <div class='ocr_carea' id='block_1_2' title="bbox 93 508 1239 1110">
    <p class='ocr_par' dir='ltr' id='par_1_2' title="bbox 93 508 1239 1110">
     <span class='ocr_line' id='line_1_2' title="bbox 94 508 1238 598; baseline 0.004 -24"><span class='ocrx_word' id='word_1_4' title='bbox 94 508 184 575; x_wconf 88' lang='lat' dir='ltr'><strong>ritati</strong></span> <span class='ocrx_word' id='word_1_5' title='bbox 214 533 346 595; x_wconf 86' lang='lat' dir='ltr'><strong>prorsus</strong></span> <span class='ocrx_word' id='word_1_6' title='bbox 379 513 561 595; x_wconf 90' lang='lat' dir='ltr'><strong>oppositam</strong></span> <span class='ocrx_word' id='word_1_7' title='bbox 594 534 664 578; x_wconf 90' lang='lat' dir='ltr'><strong>esse</strong></span> <span class='ocrx_word' id='word_1_8' title='bbox 693 514 971 598; x_wconf 88' lang='lat' dir='ltr'><strong>anapaesticorum</strong></span> <span class='ocrx_word' id='word_1_9' title='bbox 1000 514 1165 593; x_wconf 76' lang='lat' dir='ltr'>licentiam</span> <span class='ocrx_word' id='word_1_10' title='bbox 1193 516 1238 579; x_wconf 94' lang='lat' dir='ltr'><strong>di-</strong></span> 
     </span>
     <span class='ocr_line' id='line_1_3' title="bbox 93 620 1238 706; baseline 0.004 -25"><span class='ocrx_word' id='word_1_11' title='bbox 93 639 174 701; x_wconf 89' lang='lat' dir='ltr'><strong>cam,</strong></span> <span class='ocrx_word' id='word_1_12' title='bbox 197 623 310 703; x_wconf 79' lang='lat' dir='ltr'>utpote</span> <span class='ocrx_word' id='word_1_13' title='bbox 331 620 381 684; x_wconf 83' lang='lat' dir='ltr'><strong>vix</strong></span> <span class='ocrx_word' id='word_1_14' title='bbox 405 620 480 683; x_wconf 90' lang='lat' dir='ltr'><strong>ullis</strong></span> <span class='ocrx_word' id='word_1_15' title='bbox 504 621 537 684; x_wconf 94' lang='lat' dir='ltr'><strong>in</strong></span> <span class='ocrx_word' id='word_1_16' title='bbox 557 642 595 684; x_wconf 90' lang='lat' dir='ltr'><strong>eo</strong></span> <span class='ocrx_word' id='word_1_17' title='bbox 614 641 732 704; x_wconf 84' lang='lat' dir='ltr'>genere</span> <span class='ocrx_word' id='word_1_18' title='bbox 751 621 878 704; x_wconf 85' lang='lat' dir='ltr'><strong>legibus</strong></span> <span class='ocrx_word' id='word_1_19' title='bbox 897 621 1078 685; x_wconf 73' lang='lat' dir='ltr'><strong>astrictam:</strong></span> <span class='ocrx_word' id='word_1_20' title='bbox 1102 621 1133 684; x_wconf 96' lang='lat' dir='ltr'><strong>id</strong></span> <span class='ocrx_word' id='word_1_21' title='bbox 1153 622 1238 706; x_wconf 89' lang='lat' dir='ltr'><strong>quod</strong></span> 
     </span>
     <span class='ocr_line' id='line_1_4' title="bbox 93 725 1239 810; baseline 0.003 -23"><span class='ocrx_word' id='word_1_22' title='bbox 93 725 190 788; x_wconf 92' lang='lat' dir='ltr'><strong>etiam</strong></span> <span class='ocrx_word' id='word_1_23' title='bbox 215 725 254 789; x_wconf 92' lang='lat' dir='ltr'><strong>de</strong></span> <span class='ocrx_word' id='word_1_24' title='bbox 277 727 424 791; x_wconf 82' lang='lat' dir='ltr'><strong>iambicis</strong></span> <span class='ocrx_word' id='word_1_25' title='bbox 449 726 623 790; x_wconf 77' lang='lat' dir='ltr'><strong>octonariis</strong></span> <span class='ocrx_word' id='word_1_26' title='bbox 648 726 769 790; x_wconf 91' lang='lat' dir='ltr'><strong>dictum</strong></span> <span class='ocrx_word' id='word_1_27' title='bbox 794 748 864 791; x_wconf 90' lang='lat' dir='ltr'><strong>esse</strong></span> <span class='ocrx_word' id='word_1_28' title='bbox 889 728 976 810; x_wconf 83' lang='lat' dir='ltr'><strong>volo,</strong></span> <span class='ocrx_word' id='word_1_29' title='bbox 1006 750 1071 792; x_wconf 93' lang='lat' dir='ltr'><strong>non</strong></span> <span class='ocrx_word' id='word_1_30' title='bbox 1095 728 1175 791; x_wconf 90' lang='lat' dir='ltr'><strong>item</strong></span> <span class='ocrx_word' id='word_1_31' title='bbox 1200 728 1239 791; x_wconf 92' lang='lat' dir='ltr'><strong>de</strong></span> 
     </span>
     <span class='ocr_line' id='line_1_5' title="bbox 93 831 1237 918; baseline 0.004 -24"><span class='ocrx_word' id='word_1_32' title='bbox 93 831 286 915; x_wconf 77' lang='lat' dir='ltr'><strong>septenariis</strong></span> <span class='ocrx_word' id='word_1_33' title='bbox 310 832 466 896; x_wconf 87' lang='lat' dir='ltr'><strong>iambicis.</strong></span> <span class='ocrx_word' id='word_1_34' title='bbox 499 833 551 895; x_wconf 82' lang='lat' dir='ltr'><strong>Ab</strong></span> <span class='ocrx_word' id='word_1_35' title='bbox 575 831 703 896; x_wconf 91' lang='lat' dir='ltr'><strong>illorum</strong></span> <span class='ocrx_word' id='word_1_36' title='bbox 725 836 833 896; x_wconf 91' lang='lat' dir='ltr'><strong>autem</strong></span> <span class='ocrx_word' id='word_1_37' title='bbox 853 834 938 897; x_wconf 86' lang='lat' dir='ltr'><strong>veris</strong></span> <span class='ocrx_word' id='word_1_38' title='bbox 962 835 1144 898; x_wconf 87' lang='lat' dir='ltr'><strong>rationibus</strong></span> <span class='ocrx_word' id='word_1_39' title='bbox 1168 857 1237 918; x_wconf 88' lang='lat' dir='ltr'><strong>per·</strong></span> 
     </span>
     <span class='ocr_line' id='line_1_6' title="bbox 93 938 1237 1022; baseline 0.005 -21"><span class='ocrx_word' id='word_1_40' title='bbox 93 938 264 1021; x_wconf 90' lang='lat' dir='ltr'><strong>spiciendis</strong></span> <span class='ocrx_word' id='word_1_41' title='bbox 286 939 475 1022; x_wconf 80' lang='lat' dir='ltr'><strong>longissime</strong></span> <span class='ocrx_word' id='word_1_42' title='bbox 498 938 590 1021; x_wconf 85' lang='lat' dir='ltr'><strong>afuit,</strong></span> <span class='ocrx_word' id='word_1_43' title='bbox 614 939 704 1002; x_wconf 91' lang='lat' dir='ltr'><strong>cuius</strong></span> <span class='ocrx_word' id='word_1_44' title='bbox 727 943 846 1004; x_wconf 86' lang='lat' dir='ltr'><strong>teretes</strong></span> <span class='ocrx_word' id='word_1_45' title='bbox 873 940 1027 1005; x_wconf 91' lang='lat' dir='ltr'><strong>nimirum</strong></span> <span class='ocrx_word' id='word_1_46' title='bbox 1058 965 1150 1006; x_wconf 89' lang='lat' dir='ltr'><strong>aures</strong></span> <span class='ocrx_word' id='word_1_47' title='bbox 1177 943 1237 1007; x_wconf 89' lang='lat' dir='ltr'><strong>bos</strong></span> 
     </span>
     <span class='ocr_line' id='line_1_7' title="bbox 93 1045 466 1110; baseline 0 -2"><span class='ocrx_word' id='word_1_48' title='bbox 93 1051 242 1110; x_wconf 90' lang='lat' dir='ltr'><strong>accentus</strong></span> <span class='ocrx_word' id='word_1_49' title='bbox 265 1045 466 1109; x_wconf 86' lang='lat' dir='ltr'><strong>fastidirent:</strong></span> 
     </span>
    </p>
   </div>
   <div class='ocr_carea' id='block_1_3' title="bbox 180 1186 1237 1487">
    <p class='ocr_par' dir='ltr' id='par_1_3' title="bbox 180 1186 1237 1487">
     <span class='ocr_line' id='line_1_8' title="bbox 180 1186 1237 1276; baseline 0.007 -24"><span class='ocrx_word' id='word_1_50' title='bbox 180 1187 288 1273; x_wconf 90' lang='lat' dir='ltr'><strong>Magis</strong></span> <span class='ocrx_word' id='word_1_51' title='bbox 312 1211 408 1272; x_wconf 90' lang='lat' dir='ltr'><strong>quam</strong></span> <span class='ocrx_word' id='word_1_52' title='bbox 432 1186 464 1250; x_wconf 91' lang='lat' dir='ltr'><strong>id</strong></span> <span class='ocrx_word' id='word_1_53' title='bbox 488 1192 616 1271; x_wconf 84' lang='lat' dir='ltr'><strong>reputd,</strong></span> <span class='ocrx_word' id='word_1_54' title='bbox 644 1194 712 1254; x_wconf 93' lang='lat' dir='ltr'><strong>tam</strong></span> <span class='ocrx_word' id='word_1_55' title='bbox 736 1191 841 1274; x_wconf 73' lang='lat' dir='ltr'><strong>magis</strong></span> <span class='ocrx_word' id='word_1_56' title='bbox 865 1194 953 1273; x_wconf 82' lang='lat' dir='ltr'><strong>urdr,</strong></span> <span class='ocrx_word' id='word_1_57' title='bbox 985 1215 1066 1276; x_wconf 91' lang='lat' dir='ltr'><strong>quae</strong></span> <span class='ocrx_word' id='word_1_58' title='bbox 1089 1197 1179 1259; x_wconf 74' lang='lat' dir='ltr'><strong>meus</strong></span> <span class='ocrx_word' id='word_1_59' title='bbox 1203 1197 1237 1258; x_wconf 81' lang='lat' dir='ltr'><strong>fi-</strong></span> 
     </span>
     <span class='ocr_line' id='line_1_9' title="bbox 943 1298 1183 1365; baseline 0.004 -3"><span class='ocrx_word' id='word_1_60' title='bbox 943 1298 1007 1363; x_wconf 86' lang='lat' dir='ltr'><strong>lius</strong></span> <span class='ocrx_word' id='word_1_61' title='bbox 1030 1301 1183 1365; x_wconf 75' lang='lat' dir='ltr'><strong>turbauit.</strong></span> 
     </span>
     <span class='ocr_line' id='line_1_10' title="bbox 180 1402 1194 1487; baseline 0.005 -21"><span class='ocrx_word' id='word_1_62' title='bbox 180 1402 297 1467; x_wconf 90' lang='lat' dir='ltr'><strong>Omnia</strong></span> <span class='ocrx_word' id='word_1_63' title='bbox 321 1425 371 1467; x_wconf 91' lang='lat' dir='ltr'><strong>me</strong></span> <span class='ocrx_word' id='word_1_64' title='bbox 395 1404 483 1467; x_wconf 76' lang='lat' dir='ltr'><strong>mala</strong></span> <span class='ocrx_word' id='word_1_65' title='bbox 507 1406 744 1487; x_wconf 72' lang='lat' dir='ltr'><strong>consectantur,</strong></span> <span class='ocrx_word' id='word_1_66' title='bbox 768 1405 922 1469; x_wconf 91' lang='lat' dir='ltr'><strong>omnibus</strong></span> <span class='ocrx_word' id='word_1_67' title='bbox 946 1406 1053 1471; x_wconf 84' lang='lat' dir='ltr'><strong>exitiis</strong></span> <span class='ocrx_word' id='word_1_68' title='bbox 1078 1405 1194 1472; x_wconf 85' lang='lat' dir='ltr'><strong>interii.</strong></span> 
     </span>
    </p>
   </div>
   <div class='ocr_carea' id='block_1_4' title="bbox 90 1545 1237 1846">
    <p class='ocr_par' dir='ltr' id='par_1_4' title="bbox 90 1545 1237 1846">
     <span class='ocr_line' id='line_1_11' title="bbox 93 1545 1237 1633; baseline 0.003 -24"><span class='ocrx_word' id='word_1_69' title='bbox 93 1545 180 1610; x_wconf 88' lang='lat' dir='ltr'><strong>Haec</strong></span> <span class='ocrx_word' id='word_1_70' title='bbox 204 1545 306 1630; x_wconf 85' lang='lat' dir='ltr'><strong>igitur</strong></span> <span class='ocrx_word' id='word_1_71' title='bbox 329 1547 435 1610; x_wconf 87' lang='lat' dir='ltr'><strong>ethis</strong></span> <span class='ocrx_word' id='word_1_72' title='bbox 460 1551 600 1632; x_wconf 90' lang='lat' dir='ltr'><strong>cognata</strong></span> <span class='ocrx_word' id='word_1_73' title='bbox 623 1569 708 1612; x_wconf 90' lang='lat' dir='ltr'><strong>nunc</strong></span> <span class='ocrx_word' id='word_1_74' title='bbox 733 1549 837 1631; x_wconf 82' lang='lat' dir='ltr'><strong>mitto,</strong></span> <span class='ocrx_word' id='word_1_75' title='bbox 860 1552 897 1611; x_wconf 94' lang='lat' dir='ltr'><strong>nt</strong></span> <span class='ocrx_word' id='word_1_76' title='bbox 920 1548 1015 1633; x_wconf 88' lang='lat' dir='ltr'><strong>longe</strong></span> <span class='ocrx_word' id='word_1_77' title='bbox 1039 1551 1237 1613; x_wconf 88' lang='lat' dir='ltr'><strong>uberrimum</strong></span> 
     </span>
     <span class='ocr_line' id='line_1_12' title="bbox 92 1652 1235 1741; baseline 0.003 -25"><span class='ocrx_word' id='word_1_78' title='bbox 92 1654 212 1736; x_wconf 85' lang='lat' dir='ltr'><strong>locum,</strong></span> <span class='ocrx_word' id='word_1_79' title='bbox 245 1653 299 1737; x_wconf 93' lang='lat' dir='ltr'><strong>qni</strong></span> <span class='ocrx_word' id='word_1_80' title='bbox 323 1652 362 1716; x_wconf 93' lang='lat' dir='ltr'><strong>de</strong></span> <span class='ocrx_word' id='word_1_81' title='bbox 385 1658 534 1719; x_wconf 89' lang='lat' dir='ltr'><strong>accentus</strong></span> <span class='ocrx_word' id='word_1_82' title='bbox 559 1655 708 1719; x_wconf 87' lang='lat' dir='ltr'><strong>doctrina</strong></span> <span class='ocrx_word' id='word_1_83' title='bbox 732 1659 849 1739; x_wconf 80' lang='lat' dir='ltr'><strong>restat,</strong></span> <span class='ocrx_word' id='word_1_84' title='bbox 881 1656 993 1738; x_wconf 88' lang='lat' dir='ltr'><strong>paucis</strong></span> <span class='ocrx_word' id='word_1_85' title='bbox 1017 1656 1235 1741; x_wconf 84' lang='lat' dir='ltr'><strong>perstringam</strong></span> 
     </span>
     <span class='ocr_line' id='line_1_13' title="bbox 90 1759 1148 1846; baseline 0.001 -21"><span class='ocrx_word' id='word_1_86' title='bbox 90 1760 201 1843; x_wconf 90' lang='lat' dir='ltr'><strong>potius</strong></span> <span class='ocrx_word' id='word_1_87' title='bbox 225 1782 322 1845; x_wconf 91' lang='lat' dir='ltr'><strong>quam</strong></span> <span class='ocrx_word' id='word_1_88' title='bbox 346 1759 455 1824; x_wconf 92' lang='lat' dir='ltr'><strong>debita</strong></span> <span class='ocrx_word' id='word_1_89' title='bbox 479 1761 547 1824; x_wconf 85' lang='lat' dir='ltr'><strong>eins</strong></span> <span class='ocrx_word' id='word_1_90' title='bbox 571 1761 727 1844; x_wconf 87' lang='lat' dir='ltr'><strong>gravitati</strong></span> <span class='ocrx_word' id='word_1_91' title='bbox 750 1761 921 1845; x_wconf 82' lang='lat' dir='ltr'><strong>diligentia</strong></span> <span class='ocrx_word' id='word_1_92' title='bbox 943 1766 1148 1846; x_wconf 87' lang='lat' dir='ltr'><strong>pertractem.</strong></span> 
     </span>
    </p>
   </div>
   <div class='ocr_carea' id='block_1_5' title="bbox 552 1954 774 2020">
    <p class='ocr_par' dir='ltr' id='par_1_5' title="bbox 552 1954 774 2020">
     <span class='ocr_line' id='line_1_14' title="bbox 552 1954 774 2020; baseline -0.005 0"><span class='ocrx_word' id='word_1_93' title='bbox 552 1974 664 2020; x_wconf 77' lang='lat' dir='ltr'><strong>onrvc</strong></span> <span class='ocrx_word' id='word_1_94' title='bbox 688 1954 774 2020; x_wconf 85' lang='lat' dir='ltr'>XVI.</span> 
     </span>
    </p>
   </div>
   <div class='ocr_carea' id='block_1_6' title="bbox 88 2099 1318 4216">
    <p class='ocr_par' dir='ltr' id='par_1_6' title="bbox 88 2099 1318 4216">
     <span class='ocr_line' id='line_1_15' title="bbox 178 2099 1235 2183; baseline 0.001 -19"><span class='ocrx_word' id='word_1_95' title='bbox 178 2099 308 2164; x_wconf 83' lang='lat' dir='ltr'><strong>Etenim</strong></span> <span class='ocrx_word' id='word_1_96' title='bbox 340 2121 421 2183; x_wconf 91' lang='lat' dir='ltr'><strong>quae</strong></span> <span class='ocrx_word' id='word_1_97' title='bbox 450 2120 507 2182; x_wconf 86' lang='lat' dir='ltr'><strong>per</strong></span> <span class='ocrx_word' id='word_1_98' title='bbox 531 2099 679 2180; x_wconf 88' lang='lat' dir='ltr'><strong>superius</strong></span> <span class='ocrx_word' id='word_1_99' title='bbox 703 2103 801 2182; x_wconf 87' lang='lat' dir='ltr'><strong>caput</strong></span> <span class='ocrx_word' id='word_1_100' title='bbox 824 2104 929 2163; x_wconf 92' lang='lat' dir='ltr'><strong>totum</strong></span> <span class='ocrx_word' id='word_1_101' title='bbox 954 2100 992 2163; x_wconf 90' lang='lat' dir='ltr'><strong>de</strong></span> <span class='ocrx_word' id='word_1_102' title='bbox 1017 2105 1148 2164; x_wconf 87' lang='lat' dir='ltr'><strong>accentu</strong></span> <span class='ocrx_word' id='word_1_103' title='bbox 1172 2102 1235 2166; x_wconf 86' lang='lat' dir='ltr'><strong>dis·</strong></span> 
     </span>
     <span class='ocr_line' id='line_1_16' title="bbox 91 2206 1318 2294; baseline 0.002 -23"><span class='ocrx_word' id='word_1_104' title='bbox 91 2207 186 2290; x_wconf 89' lang='lat' dir='ltr'><strong>serui,</strong></span> <span class='ocrx_word' id='word_1_105' title='bbox 210 2208 250 2272; x_wconf 94' lang='lat' dir='ltr'><strong>ad</strong></span> <span class='ocrx_word' id='word_1_106' title='bbox 275 2206 566 2292; x_wconf 89' lang='lat' dir='ltr'><strong>grammaticum</strong></span> <span class='ocrx_word' id='word_1_107' title='bbox 591 2210 789 2270; x_wconf 90' lang='lat' dir='ltr'><strong>accentum</strong></span> <span class='ocrx_word' id='word_1_108' title='bbox 814 2210 963 2291; x_wconf 89' lang='lat' dir='ltr'><strong>spectant</strong></span> <span class='ocrx_word' id='word_1_109' title='bbox 986 2210 1108 2273; x_wconf 87' lang='lat' dir='ltr'><strong>omnia:</strong></span> <span class='ocrx_word' id='word_1_110' title='bbox 1132 2211 1235 2294; x_wconf 89' lang='lat' dir='ltr'><strong>sequi·</strong></span> <span class='ocrx_word' id='word_1_111' title='bbox 1251 2228 1318 2268; x_wconf 74' lang='lat' dir='ltr'><strong>cem</strong></span> 
     </span>
     <span class='ocr_line' id='line_1_17' title="bbox 90 2312 1235 2397; baseline 0.005 -21"><span class='ocrx_word' id='word_1_112' title='bbox 90 2318 143 2377; x_wconf 90' lang='lat' dir='ltr'><strong>tur</strong></span> <span class='ocrx_word' id='word_1_113' title='bbox 161 2335 246 2378; x_wconf 92' lang='lat' dir='ltr'><strong>nunc</strong></span> <span class='ocrx_word' id='word_1_114' title='bbox 265 2319 301 2379; x_wconf 92' lang='lat' dir='ltr'><strong>ut</strong></span> <span class='ocrx_word' id='word_1_115' title='bbox 319 2314 358 2378; x_wconf 91' lang='lat' dir='ltr'><strong>de</strong></span> <span class='ocrx_word' id='word_1_116' title='bbox 377 2318 513 2378; x_wconf 84' lang='lat' dir='ltr'><strong>accentu</strong></span> <span class='ocrx_word' id='word_1_117' title='bbox 532 2312 661 2397; x_wconf 92' lang='lat' dir='ltr'><strong>logico</strong></span> <span class='ocrx_word' id='word_1_118' title='bbox 681 2312 849 2397; x_wconf 84' lang='lat' dir='ltr'><strong>dicatur.*)</strong></span> <span class='ocrx_word' id='word_1_119' title='bbox 883 2312 942 2379; x_wconf 84' lang='lat' dir='ltr'><strong>Cui</strong></span> <span class='ocrx_word' id='word_1_120' title='bbox 961 2336 1034 2378; x_wconf 93' lang='lat' dir='ltr'><strong>cum</strong></span> <span class='ocrx_word' id='word_1_121' title='bbox 1054 2317 1137 2381; x_wconf 90' lang='lat' dir='ltr'><strong>ratio</strong></span> <span class='ocrx_word' id='word_1_122' title='bbox 1157 2319 1235 2382; x_wconf 90' lang='lat' dir='ltr'><strong>item</strong></span> 
     </span>
     <span class='ocr_line' id='line_1_18' title="bbox 91 2419 1236 2508; baseline 0.004 -23"><span class='ocrx_word' id='word_1_123' title='bbox 91 2421 218 2487; x_wconf 85' lang='lat' dir='ltr'><strong>iuberet</strong></span> <span class='ocrx_word' id='word_1_124' title='bbox 241 2444 305 2486; x_wconf 92' lang='lat' dir='ltr'><strong>non</strong></span> <span class='ocrx_word' id='word_1_125' title='bbox 328 2440 509 2505; x_wconf 90' lang='lat' dir='ltr'><strong>repugnare</strong></span> <span class='ocrx_word' id='word_1_126' title='bbox 533 2419 704 2483; x_wconf 89' lang='lat' dir='ltr'><strong>metricum</strong></span> <span class='ocrx_word' id='word_1_127' title='bbox 729 2424 903 2504; x_wconf 89' lang='lat' dir='ltr'><strong>accentum,</strong></span> <span class='ocrx_word' id='word_1_128' title='bbox 928 2421 984 2484; x_wconf 88' lang='lat' dir='ltr'><strong>sed</strong></span> <span class='ocrx_word' id='word_1_129' title='bbox 1007 2424 1182 2508; x_wconf 86' lang='lat' dir='ltr'><strong>conciliari,</strong></span> <span class='ocrx_word' id='word_1_130' title='bbox 1205 2427 1236 2489; x_wconf 92' lang='lat' dir='ltr'><strong>ei</strong></span> 
     </span>
     <span class='ocr_line' id='line_1_19' title="bbox 89 2526 1235 2616; baseline 0.005 -25"><span class='ocrx_word' id='word_1_131' title='bbox 89 2530 254 2612; x_wconf 89' lang='lat' dir='ltr'><strong>postulato</strong></span> <span class='ocrx_word' id='word_1_132' title='bbox 278 2527 374 2593; x_wconf 82' lang='lat' dir='ltr'><strong>facile</strong></span> <span class='ocrx_word' id='word_1_133' title='bbox 397 2526 600 2609; x_wconf 85' lang='lat' dir='ltr'><strong>intellegitur</strong></span> <span class='ocrx_word' id='word_1_134' title='bbox 623 2547 688 2590; x_wconf 90' lang='lat' dir='ltr'><strong>non</strong></span> <span class='ocrx_word' id='word_1_135' title='bbox 707 2528 854 2610; x_wconf 89' lang='lat' dir='ltr'><strong>potuisse</strong></span> <span class='ocrx_word' id='word_1_136' title='bbox 872 2528 968 2592; x_wconf 85' lang='lat' dir='ltr'><strong>aliter</strong></span> <span class='ocrx_word' id='word_1_137' title='bbox 988 2530 1149 2616; x_wconf 87' lang='lat' dir='ltr'><strong>satisfieri,</strong></span> <span class='ocrx_word' id='word_1_138' title='bbox 1172 2533 1235 2597; x_wconf 92' lang='lat' dir='ltr'><strong>nisi</strong></span> 
     </span>
     <span class='ocr_line' id='line_1_20' title="bbox 90 2633 1235 2722; baseline 0.004 -24"><span class='ocrx_word' id='word_1_139' title='bbox 90 2640 141 2718; x_wconf 89' lang='lat' dir='ltr'><strong>nt,</strong></span> <span class='ocrx_word' id='word_1_140' title='bbox 165 2659 244 2720; x_wconf 89' lang='lat' dir='ltr'><strong>quas</strong></span> <span class='ocrx_word' id='word_1_141' title='bbox 269 2657 362 2700; x_wconf 86' lang='lat' dir='ltr'><strong>voces</strong></span> <span class='ocrx_word' id='word_1_142' title='bbox 387 2635 435 2699; x_wconf 86' lang='lat' dir='ltr'><strong>vis</strong></span> <span class='ocrx_word' id='word_1_143' title='bbox 460 2633 638 2698; x_wconf 88' lang='lat' dir='ltr'><strong>sentcntiae</strong></span> <span class='ocrx_word' id='word_1_144' title='bbox 662 2634 856 2717; x_wconf 83' lang='lat' dir='ltr'><strong>intenderet,</strong></span> <span class='ocrx_word' id='word_1_145' title='bbox 889 2635 949 2699; x_wconf 90' lang='lat' dir='ltr'><strong>has</strong></span> <span class='ocrx_word' id='word_1_146' title='bbox 975 2659 1083 2701; x_wconf 87' lang='lat' dir='ltr'><strong>versus</strong></span> <span class='ocrx_word' id='word_1_147' title='bbox 1109 2660 1235 2722; x_wconf 86' lang='lat' dir='ltr'><strong>qnoque</strong></span> 
     </span>
     <span class='ocr_line' id='line_1_21' title="bbox 89 2740 1234 2825; baseline 0.004 -22"><span class='ocrx_word' id='word_1_148' title='bbox 89 2741 119 2804; x_wconf 87' lang='lat' dir='ltr'><strong>ei</strong></span> <span class='ocrx_word' id='word_1_149' title='bbox 142 2742 203 2806; x_wconf 91' lang='lat' dir='ltr'><strong>loci</strong></span> <span class='ocrx_word' id='word_1_150' title='bbox 229 2743 406 2825; x_wconf 89' lang='lat' dir='ltr'><strong>reciperent</strong></span> <span class='ocrx_word' id='word_1_151' title='bbox 430 2742 485 2824; x_wconf 91' lang='lat' dir='ltr'><strong>qni</strong></span> <span class='ocrx_word' id='word_1_152' title='bbox 509 2740 663 2805; x_wconf 87' lang='lat' dir='ltr'><strong>maiorem</strong></span> <span class='ocrx_word' id='word_1_153' title='bbox 688 2763 707 2805; x_wconf 87' lang='lat' dir='ltr'><strong>a</strong></span> <span class='ocrx_word' id='word_1_154' title='bbox 729 2763 938 2807; x_wconf 90' lang='lat' dir='ltr'><strong>numerorum</strong></span> <span class='ocrx_word' id='word_1_155' title='bbox 963 2744 1143 2808; x_wconf 85' lang='lat' dir='ltr'><strong>rationibus</strong></span> <span class='ocrx_word' id='word_1_156' title='bbox 1168 2746 1234 2809; x_wconf 90' lang='lat' dir='ltr'><strong>vim</strong></span> 
     </span>
     <span class='ocr_line' id='line_1_22' title="bbox 88 2846 1266 2931; baseline 0.002 -19"><span class='ocrx_word' id='word_1_157' title='bbox 88 2849 226 2931; x_wconf 87' lang='lat' dir='ltr'><strong>habent,</strong></span> <span class='ocrx_word' id='word_1_158' title='bbox 252 2848 283 2912; x_wconf 94' lang='lat' dir='ltr'><strong>h.</strong></span> <span class='ocrx_word' id='word_1_159' title='bbox 308 2870 333 2912; x_wconf 88' lang='lat' dir='ltr'><strong>e.</strong></span> <span class='ocrx_word' id='word_1_160' title='bbox 357 2849 453 2910; x_wconf 90' lang='lat' dir='ltr'><strong>utin</strong></span> <span class='ocrx_word' id='word_1_161' title='bbox 477 2847 554 2911; x_wconf 89' lang='lat' dir='ltr'><strong>arsi</strong></span> <span class='ocrx_word' id='word_1_162' title='bbox 583 2846 873 2911; x_wconf 88' lang='lat' dir='ltr'><strong>collocarentur</strong></span> <span class='ocrx_word' id='word_1_163' title='bbox 895 2869 963 2913; x_wconf 90' lang='lat' dir='ltr'><strong>nec</strong></span> <span class='ocrx_word' id='word_1_164' title='bbox 987 2849 1046 2913; x_wconf 84' lang='lat' dir='ltr'><strong>vel</strong></span> <span class='ocrx_word' id='word_1_165' title='bbox 1070 2849 1108 2914; x_wconf 92' lang='lat' dir='ltr'><strong>in</strong></span> <span class='ocrx_word' id='word_1_166' title='bbox 1132 2851 1234 2916; x_wconf 89' lang='lat' dir='ltr'><strong>thesi</strong></span> <span class='ocrx_word' id='word_1_167' title='bbox 1262 2895 1266 2914; x_wconf 79' lang='lat'><strong>.</strong></span> 
     </span>
     <span class='ocr_line' id='line_1_23' title="bbox 89 2953 1234 3039; baseline 0.002 -20"><span class='ocrx_word' id='word_1_168' title='bbox 89 2955 370 3021; x_wconf 85' lang='lat' dir='ltr'><strong>delitescerent</strong></span> <span class='ocrx_word' id='word_1_169' title='bbox 393 2954 452 3018; x_wconf 83' lang='lat' dir='ltr'><strong>vel</strong></span> <span class='ocrx_word' id='word_1_170' title='bbox 477 2953 641 3016; x_wconf 89' lang='lat' dir='ltr'><strong>elisione</strong></span> <span class='ocrx_word' id='word_1_171' title='bbox 666 2954 983 3020; x_wconf 88' lang='lat' dir='ltr'><strong>absorberentur.</strong></span> <span class='ocrx_word' id='word_1_172' title='bbox 1026 2957 1132 3039; x_wconf 84' lang='lat' dir='ltr'><strong>Atque</strong></span> <span class='ocrx_word' id='word_1_173' title='bbox 1154 2957 1234 3021; x_wconf 90' lang='lat' dir='ltr'><strong>baec</strong></span> 
     </span>
     <span class='ocr_line' id='line_1_24' title="bbox 88 3059 1234 3145; baseline 0.003 -21"><span class='ocrx_word' id='word_1_174' title='bbox 88 3061 148 3125; x_wconf 91' lang='lat' dir='ltr'><strong>illa</strong></span> <span class='ocrx_word' id='word_1_175' title='bbox 170 3062 222 3125; x_wconf 84' lang='lat' dir='ltr'><strong>lex</strong></span> <span class='ocrx_word' id='word_1_176' title='bbox 246 3066 304 3145; x_wconf 83' lang='lat' dir='ltr'><strong>est,</strong></span> <span class='ocrx_word' id='word_1_177' title='bbox 328 3083 425 3145; x_wconf 90' lang='lat' dir='ltr'><strong>quam</strong></span> <span class='ocrx_word' id='word_1_178' title='bbox 443 3082 515 3124; x_wconf 92' lang='lat' dir='ltr'><strong>cum</strong></span> <span class='ocrx_word' id='word_1_179' title='bbox 535 3059 700 3142; x_wconf 85' lang='lat' dir='ltr'><strong>praeclare</strong></span> <span class='ocrx_word' id='word_1_180' title='bbox 719 3059 887 3125; x_wconf 87' lang='lat' dir='ltr'><strong>Bentleins</strong></span> <span class='ocrx_word' id='word_1_181' title='bbox 906 3061 1102 3145; x_wconf 86' lang='lat' dir='ltr'><strong>indagasset,</strong></span> <span class='ocrx_word' id='word_1_182' title='bbox 1125 3067 1234 3128; x_wconf 85' lang='lat' dir='ltr'><strong>tamen</strong></span> 
     </span>
     <span class='ocr_line' id='line_1_25' title="bbox 88 3165 1233 3255; baseline 0.005 -25"><span class='ocrx_word' id='word_1_183' title='bbox 88 3167 175 3232; x_wconf 92' lang='lat' dir='ltr'><strong>baud</strong></span> <span class='ocrx_word' id='word_1_184' title='bbox 199 3168 266 3232; x_wconf 91' lang='lat' dir='ltr'><strong>scio</strong></span> <span class='ocrx_word' id='word_1_185' title='bbox 290 3190 332 3232; x_wconf 85' lang='lat' dir='ltr'><strong>an</strong></span> <span class='ocrx_word' id='word_1_186' title='bbox 352 3167 546 3251; x_wconf 91' lang='lat' dir='ltr'><strong>aliquotiens</strong></span> <span class='ocrx_word' id='word_1_187' title='bbox 566 3165 606 3229; x_wconf 91' lang='lat' dir='ltr'><strong>ad</strong></span> <span class='ocrx_word' id='word_1_188' title='bbox 625 3165 735 3248; x_wconf 86' lang='lat' dir='ltr'><strong>paullo</strong></span> <span class='ocrx_word' id='word_1_189' title='bbox 755 3167 949 3232; x_wconf 87' lang='lat' dir='ltr'><strong>severiorem</strong></span> <span class='ocrx_word' id='word_1_190' title='bbox 968 3192 1117 3234; x_wconf 91' lang='lat' dir='ltr'><strong>normam</strong></span> <span class='ocrx_word' id='word_1_191' title='bbox 1137 3194 1233 3255; x_wconf 92' lang='lat' dir='ltr'><strong>quam</strong></span> 
     </span>
     <span class='ocr_line' id='line_1_26' title="bbox 88 3272 1234 3361; baseline 0.004 -22"><span class='ocrx_word' id='word_1_192' title='bbox 88 3297 148 3359; x_wconf 83' lang='lat' dir='ltr'><strong>par</strong></span> <span class='ocrx_word' id='word_1_193' title='bbox 171 3274 234 3339; x_wconf 88' lang='lat' dir='ltr'><strong>fuit</strong></span> <span class='ocrx_word' id='word_1_194' title='bbox 257 3275 401 3359; x_wconf 84' lang='lat' dir='ltr'><strong>exegerit</strong></span> <span class='ocrx_word' id='word_1_195' title='bbox 424 3272 652 3338; x_wconf 89' lang='lat' dir='ltr'><strong>concinnitatis</strong></span> <span class='ocrx_word' id='word_1_196' title='bbox 677 3272 785 3338; x_wconf 89' lang='lat' dir='ltr'><strong>studio</strong></span> <span class='ocrx_word' id='word_1_197' title='bbox 808 3276 919 3340; x_wconf 92' lang='lat' dir='ltr'><strong>nimio.</strong></span> <span class='ocrx_word' id='word_1_198' title='bbox 956 3274 1025 3340; x_wconf 93' lang='lat' dir='ltr'><strong>Nec</strong></span> <span class='ocrx_word' id='word_1_199' title='bbox 1047 3277 1079 3341; x_wconf 95' lang='lat' dir='ltr'><strong>id</strong></span> <span class='ocrx_word' id='word_1_200' title='bbox 1106 3280 1234 3361; x_wconf 90' lang='lat' dir='ltr'><strong>mirum,</strong></span> 
     </span>
     <span class='ocr_line' id='line_1_27' title="bbox 89 3378 1233 3466; baseline 0.003 -19"><span class='ocrx_word' id='word_1_201' title='bbox 89 3406 160 3447; x_wconf 91' lang='lat' dir='ltr'><strong>cum</strong></span> <span class='ocrx_word' id='word_1_202' title='bbox 184 3384 218 3447; x_wconf 94' lang='lat' dir='ltr'><strong>in</strong></span> <span class='ocrx_word' id='word_1_203' title='bbox 241 3387 312 3447; x_wconf 92' lang='lat' dir='ltr'><strong>tota</strong></span> <span class='ocrx_word' id='word_1_204' title='bbox 334 3381 469 3446; x_wconf 89' lang='lat' dir='ltr'><strong>metrica</strong></span> <span class='ocrx_word' id='word_1_205' title='bbox 492 3378 744 3463; x_wconf 88' lang='lat' dir='ltr'><strong>prosodiacaque</strong></span> <span class='ocrx_word' id='word_1_206' title='bbox 764 3380 934 3466; x_wconf 88' lang='lat' dir='ltr'><strong>disciplina</strong></span> <span class='ocrx_word' id='word_1_207' title='bbox 948 3384 1101 3450; x_wconf 90' lang='lat' dir='ltr'><strong>Plautina</strong></span> <span class='ocrx_word' id='word_1_208' title='bbox 1115 3386 1233 3450; x_wconf 84' lang='lat' dir='ltr'><strong>Teren·</strong></span> 
     </span>
     <span class='ocr_line' id='line_1_28' title="bbox 89 3486 1232 3574; baseline 0.003 -20"><span class='ocrx_word' id='word_1_209' title='bbox 89 3491 242 3574; x_wconf 88' lang='lat' dir='ltr'><strong>tianaque</strong></span> <span class='ocrx_word' id='word_1_210' title='bbox 265 3488 347 3552; x_wconf 92' lang='lat' dir='ltr'><strong>nihil</strong></span> <span class='ocrx_word' id='word_1_211' title='bbox 371 3488 416 3552; x_wconf 90' lang='lat' dir='ltr'><strong>sit</strong></span> <span class='ocrx_word' id='word_1_212' title='bbox 439 3486 524 3571; x_wconf 92' lang='lat' dir='ltr'><strong>quod</strong></span> <span class='ocrx_word' id='word_1_213' title='bbox 546 3487 596 3550; x_wconf 90' lang='lat' dir='ltr'><strong>vel</strong></span> <span class='ocrx_word' id='word_1_214' title='bbox 621 3486 747 3550; x_wconf 87' lang='lat' dir='ltr'><strong>cautius</strong></span> <span class='ocrx_word' id='word_1_215' title='bbox 767 3488 818 3551; x_wconf 86' lang='lat' dir='ltr'><strong>vel</strong></span> <span class='ocrx_word' id='word_1_216' title='bbox 841 3490 994 3555; x_wconf 89' lang='lat' dir='ltr'><strong>subtilius</strong></span> <span class='ocrx_word' id='word_1_217' title='bbox 1012 3492 1166 3558; x_wconf 90' lang='lat' dir='ltr'><strong>iudicium</strong></span> <span class='ocrx_word' id='word_1_218' title='bbox 1185 3516 1232 3558; x_wconf 87' lang='lat' dir='ltr'><strong>re·</strong></span> 
     </span>
     <span class='ocr_line' id='line_1_29' title="bbox 90 3593 1232 3685; baseline 0.004 -25"><span class='ocrx_word' id='word_1_219' title='bbox 90 3598 208 3681; x_wconf 88' lang='lat' dir='ltr'><strong>quirat.</strong></span> <span class='ocrx_word' id='word_1_220' title='bbox 245 3595 371 3679; x_wconf 84' lang='lat' dir='ltr'><strong>Quippe</strong></span> <span class='ocrx_word' id='word_1_221' title='bbox 394 3616 459 3658; x_wconf 94' lang='lat' dir='ltr'><strong>non</strong></span> <span class='ocrx_word' id='word_1_222' title='bbox 484 3594 592 3677; x_wconf 89' lang='lat' dir='ltr'><strong>potuit</strong></span> <span class='ocrx_word' id='word_1_223' title='bbox 615 3594 670 3657; x_wconf 94' lang='lat' dir='ltr'><strong>uni</strong></span> <span class='ocrx_word' id='word_1_224' title='bbox 694 3593 887 3659; x_wconf 87' lang='lat' dir='ltr'><strong>inexorabili</strong></span> <span class='ocrx_word' id='word_1_225' title='bbox 911 3599 1098 3664; x_wconf 86' lang='lat' dir='ltr'><strong>necessitati</strong></span> <span class='ocrx_word' id='word_1_226' title='bbox 1122 3600 1155 3664; x_wconf 93' lang='lat' dir='ltr'><strong>id</strong></span> <span class='ocrx_word' id='word_1_227' title='bbox 1179 3622 1232 3685; x_wconf 93' lang='lat' dir='ltr'><strong>ge·</strong></span> 
     </span>
     <span class='ocr_line' id='line_1_30' title="bbox 88 3699 1232 3791; baseline 0.003 -24"><span class='ocrx_word' id='word_1_228' title='bbox 88 3724 148 3768; x_wconf 84' lang='lat' dir='ltr'><strong>nus</strong></span> <span class='ocrx_word' id='word_1_229' title='bbox 172 3703 342 3766; x_wconf 86' lang='lat' dir='ltr'><strong>astrictum</strong></span> <span class='ocrx_word' id='word_1_230' title='bbox 368 3722 447 3783; x_wconf 88' lang='lat' dir='ltr'><strong>esse,</strong></span> <span class='ocrx_word' id='word_1_231' title='bbox 471 3699 556 3785; x_wconf 94' lang='lat' dir='ltr'><strong>quod</strong></span> <span class='ocrx_word' id='word_1_232' title='bbox 575 3721 647 3763; x_wconf 91' lang='lat' dir='ltr'><strong>cum</strong></span> <span class='ocrx_word' id='word_1_233' title='bbox 667 3701 855 3784; x_wconf 84' lang='lat' dir='ltr'><strong>saepissime</strong></span> <span class='ocrx_word' id='word_1_234' title='bbox 874 3725 891 3766; x_wconf 91' lang='lat' dir='ltr'><strong>e</strong></span> <span class='ocrx_word' id='word_1_235' title='bbox 911 3705 980 3769; x_wconf 90' lang='lat' dir='ltr'><strong>solo</strong></span> <span class='ocrx_word' id='word_1_236' title='bbox 1001 3727 1096 3770; x_wconf 90' lang='lat' dir='ltr'><strong>sensu</strong></span> <span class='ocrx_word' id='word_1_237' title='bbox 1116 3712 1232 3791; x_wconf 91' lang='lat' dir='ltr'><strong>poetae</strong></span> 
     </span>
     <span class='ocr_line' id='line_1_31' title="bbox 89 3805 1232 3893; baseline 0.004 -19"><span class='ocrx_word' id='word_1_238' title='bbox 89 3831 280 3893; x_wconf 89' lang='lat' dir='ltr'><strong>suspensum</strong></span> <span class='ocrx_word' id='word_1_239' title='bbox 305 3812 398 3891; x_wconf 84' lang='lat' dir='ltr'><strong>esset,</strong></span> <span class='ocrx_word' id='word_1_240' title='bbox 422 3806 525 3871; x_wconf 88' lang='lat' dir='ltr'><strong>multo</strong></span> <span class='ocrx_word' id='word_1_241' title='bbox 551 3806 655 3890; x_wconf 90' lang='lat' dir='ltr'><strong>magis</strong></span> <span class='ocrx_word' id='word_1_242' title='bbox 679 3805 760 3868; x_wconf 86' lang='lat' dir='ltr'><strong>artis</strong></span> <span class='ocrx_word' id='word_1_243' title='bbox 784 3806 846 3869; x_wconf 90' lang='lat' dir='ltr'><strong>fuit</strong></span> <span class='ocrx_word' id='word_1_244' title='bbox 865 3830 961 3891; x_wconf 90' lang='lat' dir='ltr'><strong>quam</strong></span> <span class='ocrx_word' id='word_1_245' title='bbox 980 3812 1144 3878; x_wconf 88' lang='lat' dir='ltr'><strong>scientiae.</strong></span> <span class='ocrx_word' id='word_1_246' title='bbox 1173 3813 1232 3879; x_wconf 83' lang='lat' dir='ltr'><strong>Et·</strong></span> 
     </span>
     <span class='ocr_line' id='line_1_32' title="bbox 89 3912 1232 4005; baseline 0.003 -22"><span class='ocrx_word' id='word_1_247' title='bbox 89 3919 174 3982; x_wconf 88' lang='lat' dir='ltr'><strong>enim</strong></span> <span class='ocrx_word' id='word_1_248' title='bbox 198 3940 269 3983; x_wconf 91' lang='lat' dir='ltr'><strong>cum</strong></span> <span class='ocrx_word' id='word_1_249' title='bbox 294 3918 335 3982; x_wconf 92' lang='lat' dir='ltr'><strong>ab</strong></span> <span class='ocrx_word' id='word_1_250' title='bbox 359 3915 405 3980; x_wconf 90' lang='lat' dir='ltr'><strong>eis</strong></span> <span class='ocrx_word' id='word_1_251' title='bbox 429 3914 571 3996; x_wconf 84' lang='lat' dir='ltr'><strong>vocibus,</strong></span> <span class='ocrx_word' id='word_1_252' title='bbox 595 3935 677 3997; x_wconf 89' lang='lat' dir='ltr'><strong>quac</strong></span> <span class='ocrx_word' id='word_1_253' title='bbox 696 3912 838 3976; x_wconf 87' lang='lat' dir='ltr'><strong>notionis</strong></span> <span class='ocrx_word' id='word_1_254' title='bbox 858 3916 998 3996; x_wconf 89' lang='lat' dir='ltr'><strong>pondere</strong></span> <span class='ocrx_word' id='word_1_255' title='bbox 1016 3920 1160 4005; x_wconf 85' lang='lat' dir='ltr'><strong>insignes</strong></span> <span class='ocrx_word' id='word_1_256' title='bbox 1184 3921 1232 3986; x_wconf 94' lang='lat' dir='ltr'><strong>in-</strong></span> 
     </span>
     <span class='ocr_line' id='line_1_33' title="bbox 88 4017 1231 4106; baseline 0.003 -16"><span class='ocrx_word' id='word_1_257' title='bbox 88 4026 268 4090; x_wconf 88' lang='lat' dir='ltr'><strong>dubitatam</strong></span> <span class='ocrx_word' id='word_1_258' title='bbox 296 4024 419 4089; x_wconf 89' lang='lat' dir='ltr'><strong>habent</strong></span> <span class='ocrx_word' id='word_1_259' title='bbox 447 4023 513 4084; x_wconf 90' lang='lat' dir='ltr'><strong>vim</strong></span> <span class='ocrx_word' id='word_1_260' title='bbox 541 4019 734 4100; x_wconf 83' lang='lat' dir='ltr'><strong>sententiae,</strong></span> <span class='ocrx_word' id='word_1_261' title='bbox 768 4017 809 4081; x_wconf 89' lang='lat' dir='ltr'><strong>ad</strong></span> <span class='ocrx_word' id='word_1_262' title='bbox 838 4041 908 4103; x_wconf 84' lang='lat' dir='ltr'><strong>aas,</strong></span> <span class='ocrx_word' id='word_1_263' title='bbox 941 4045 1023 4106; x_wconf 91' lang='lat' dir='ltr'><strong>quae</strong></span> <span class='ocrx_word' id='word_1_264' title='bbox 1057 4027 1231 4094; x_wconf 84' lang='lat' dir='ltr'><strong>destitutae</strong></span> 
     </span>
     <span class='ocr_line' id='line_1_34' title="bbox 89 4123 1231 4216; baseline 0.001 -20"><span class='ocrx_word' id='word_1_265' title='bbox 89 4136 165 4196; x_wconf 91' lang='lat' dir='ltr'><strong>sunt</strong></span> <span class='ocrx_word' id='word_1_266' title='bbox 188 4132 286 4214; x_wconf 89' lang='lat' dir='ltr'><strong>omni,</strong></span> <span class='ocrx_word' id='word_1_267' title='bbox 308 4153 367 4216; x_wconf 93' lang='lat' dir='ltr'><strong>per</strong></span> <span class='ocrx_word' id='word_1_268' title='bbox 389 4128 548 4213; x_wconf 87' lang='lat' dir='ltr'><strong>plurimos</strong></span> <span class='ocrx_word' id='word_1_269' title='bbox 571 4123 690 4210; x_wconf 87' lang='lat' dir='ltr'><strong>gradus</strong></span> <span class='ocrx_word' id='word_1_270' title='bbox 715 4123 918 4191; x_wconf 85' lang='lat' dir='ltr'><strong>deveniatur:</strong></span> <span class='ocrx_word' id='word_1_271' title='bbox 952 4131 1013 4193; x_wconf 89' lang='lat' dir='ltr'><strong>etsi</strong></span> <span class='ocrx_word' id='word_1_272' title='bbox 1038 4131 1076 4195; x_wconf 92' lang='lat' dir='ltr'><strong>de</strong></span> <span class='ocrx_word' id='word_1_273' title='bbox 1099 4132 1231 4197; x_wconf 91' lang='lat' dir='ltr'><strong>illorum</strong></span> 
     </span>
    </p>
   </div>
   <div class='ocr_carea' id='block_1_7' title="bbox 89 4259 300 4268">
    <p class='ocr_par' dir='ltr' id='par_1_7' title="bbox 89 4259 300 4268">
     <span class='ocr_line' id='line_1_35' title="bbox 89 4259 300 4268; baseline 0.009 -2"><span class='ocrx_word' id='word_1_274' title='bbox 89 4259 300 4268; x_wconf 62' lang='lat'><strong>-———————</strong></span> 
     </span>
    </p>
   </div>
   <div class='ocr_carea' id='block_1_8' title="bbox 88 4299 1230 4628">
    <p class='ocr_par' dir='ltr' id='par_1_8' title="bbox 88 4299 1230 4553">
     <span class='ocr_line' id='line_1_36' title="bbox 177 4299 1230 4376; baseline 0.001 -14"><span class='ocrx_word' id='word_1_275' title='bbox 177 4306 203 4375; x_wconf 83' lang='lat'><strong>*)</strong></span> <span class='ocrx_word' id='word_1_276' title='bbox 222 4308 285 4362; x_wconf 88' lang='lat' dir='ltr'><strong>Non</strong></span> <span class='ocrx_word' id='word_1_277' title='bbox 303 4307 402 4376; x_wconf 87' lang='lat' dir='ltr'><strong>ignoro</strong></span> <span class='ocrx_word' id='word_1_278' title='bbox 421 4302 549 4372; x_wconf 85' lang='lat' dir='ltr'><strong>equidem</strong></span> <span class='ocrx_word' id='word_1_279' title='bbox 569 4302 622 4354; x_wconf 85' lang='lat' dir='ltr'><strong>hae</strong></span> <span class='ocrx_word' id='word_1_280' title='bbox 637 4299 778 4367; x_wconf 82' lang='lat' dir='ltr'><strong>potestate</strong></span> <span class='ocrx_word' id='word_1_281' title='bbox 792 4314 848 4352; x_wconf 91' lang='lat' dir='ltr'><strong>non</strong></span> <span class='ocrx_word' id='word_1_282' title='bbox 862 4316 921 4355; x_wconf 81' lang='lat' dir='ltr'><strong>esse</strong></span> <span class='ocrx_word' id='word_1_283' title='bbox 938 4304 1107 4361; x_wconf 85' lang='lat' dir='ltr'><strong>‘accentum&#39;</strong></span> <span class='ocrx_word' id='word_1_284' title='bbox 1124 4307 1230 4362; x_wconf 88' lang='lat' dir='ltr'><strong>dictum</strong></span> 
     </span>
     <span class='ocr_line' id='line_1_37' title="bbox 88 4384 1230 4462; baseline 0.001 -13"><span class='ocrx_word' id='word_1_285' title='bbox 88 4397 273 4452; x_wconf 73' lang='lat' dir='ltr'><strong>sceleribus.</strong></span> <span class='ocrx_word' id='word_1_286' title='bbox 311 4394 370 4461; x_wconf 85' lang='lat' dir='ltr'><strong>Quo</strong></span> <span class='ocrx_word' id='word_1_287' title='bbox 392 4396 488 4448; x_wconf 84' lang='lat' dir='ltr'><strong>tamen</strong></span> <span class='ocrx_word' id='word_1_288' title='bbox 512 4389 639 4456; x_wconf 84' lang='lat' dir='ltr'><strong>nomine,</strong></span> <span class='ocrx_word' id='word_1_289' title='bbox 667 4389 698 4439; x_wconf 91' lang='lat' dir='ltr'><strong>nt</strong></span> <span class='ocrx_word' id='word_1_290' title='bbox 720 4384 915 4455; x_wconf 84' lang='lat' dir='ltr'><strong>perspicuitati</strong></span> <span class='ocrx_word' id='word_1_291' title='bbox 934 4394 1088 4462; x_wconf 81' lang='lat' dir='ltr'><strong>consulam,</strong></span> <span class='ocrx_word' id='word_1_292' title='bbox 1116 4400 1179 4451; x_wconf 86' lang='lat' dir='ltr'><strong>ntor</strong></span> <span class='ocrx_word' id='word_1_293' title='bbox 1197 4413 1230 4451; x_wconf 89' lang='lat' dir='ltr'><strong>eo</strong></span> 
     </span>
     <span class='ocr_line' id='line_1_38' title="bbox 88 4472 1132 4553; baseline -0.009 -13"><span class='ocrx_word' id='word_1_294' title='bbox 88 4484 221 4545; x_wconf 87' lang='lat' dir='ltr'><strong>libentius</strong></span> <span class='ocrx_word' id='word_1_295' title='bbox 239 4501 295 4553; x_wconf 86' lang='lat' dir='ltr'><strong>quo</strong></span> <span class='ocrx_word' id='word_1_296' title='bbox 314 4483 423 4553; x_wconf 91' lang='lat' dir='ltr'><strong>planior</strong></span> <span class='ocrx_word' id='word_1_297' title='bbox 442 4486 563 4550; x_wconf 87' lang='lat' dir='ltr'><strong>cognata</strong></span> <span class='ocrx_word' id='word_1_298' title='bbox 580 4477 622 4531; x_wconf 85' lang='lat' dir='ltr'><strong>vis</strong></span> <span class='ocrx_word' id='word_1_299' title='bbox 642 4472 761 4530; x_wconf 83' lang='lat' dir='ltr'><strong>stratio</strong></span> <span class='ocrx_word' id='word_1_300' title='bbox 781 4476 927 4546; x_wconf 83' lang='lat' dir='ltr'><strong>utriusque</strong></span> <span class='ocrx_word' id='word_1_301' title='bbox 946 4486 1056 4550; x_wconf 69' lang='lat' dir='ltr'><strong>generis</strong></span> <span class='ocrx_word' id='word_1_302' title='bbox 1075 4487 1132 4541; x_wconf 68' lang='lat' dir='ltr'><strong>fiat,</strong></span> 
     </span>
    </p>

    <p class='ocr_par' dir='ltr' id='par_1_9' title="bbox 140 4580 1016 4628">
     <span class='ocr_line' id='line_1_39' title="bbox 140 4580 1016 4628; baseline -0.01 0"><span class='ocrx_word' id='word_1_303' title='bbox 140 4596 180 4628; x_wconf 79' lang='lat' dir='ltr'><strong>ra.</strong></span> <span class='ocrx_word' id='word_1_304' title='bbox 201 4591 349 4628; x_wconf 79' lang='lat' dir='ltr'><strong>urrscuccu</strong></span> <span class='ocrx_word' id='word_1_305' title='bbox 370 4589 502 4626; x_wconf 72' lang='lat' dir='ltr'><strong>ocvscvnn</strong></span> <span class='ocrx_word' id='word_1_306' title='bbox 523 4590 547 4624; x_wconf 87' lang='lat' dir='ltr'><strong>v.</strong></span> <span class='ocrx_word' id='word_1_307' title='bbox 984 4580 1016 4626; x_wconf 85' lang='lat'><strong>31</strong></span> 
     </span>
    </p>
   </div>
   <div class='ocr_carea' id='block_1_9' title="bbox 0 0 1474 5004">
    <p class='ocr_par' dir='ltr' id='par_1_10' title="bbox 0 0 1474 5004">
     <span class='ocr_line' id='line_1_40' title="bbox 0 0 1474 5004; baseline 0 1"><span class='ocrx_word' id='word_1_308' title='bbox 0 0 1474 5004; x_wconf 95' lang='lat' dir='ltr'><strong> </strong></span> 
     </span>
    </p>
   </div>
  </div>
 </body>
</html>
