2986 5010
424 323 689 370 unaunarronrs
713 322 923 370 Pnnvrnvln.
1182 303 1247 367 401

98 466 166 549 nis,
193 465 432 531 concedendum
456 470 506 532 est
533 467 673 533 fortasse
696 467 731 532 in
754 487 868 531 caussa
890 464 1001 546 fuisse,
1024 484 1081 528 cur
1103 463 1144 527 ad
1167 465 1253 546 cpccd

100 572 253 637 vocabuli
273 573 455 657 exemplum
474 574 773 640 accommodaretur
792 577 903 656 caput
924 592 1056 635 nomen:
1079 591 1146 635 non
1164 569 1250 654 quod

101 682 142 746 ab
166 702 204 745 eo
228 683 261 745 et
284 679 482 746 Bacchidum
505 703 617 747 versus
634 681 720 747 1155
735 681 850 762 [1192]
866 679 993 763 incipit:
1018 678 1119 761 Caput
1136 678 1250 761 prurit,

99 787 193 870 perii,
223 787 281 852 1111
312 787 424 872 trepidi,
457 789 512 874 qui
546 792 596 854 est
628 788 866 873 anapaesticus,
899 790 933 851 11
959 784 1055 851 Mera.
1083 782 1113 868 l,
1136 784 1171 862 2,
1193 784 1250 848 42:

102 880 203 979 Odput
229 895 285 959 tibi
309 894 441 980 facerim,
468 896 527 962 ubi
554 897 653 962 etiam
677 896 776 961 aliam
800 895 841 960 ob
866 915 1015 959 caussam
1037 896 1250 975 transponen-

101 1002 178 1067 dum
202 1003 275 1067 Tibi
297 1008 390 1084 caput
410 1004 544 1084 facicirn:
567 1004 623 1069 sed
647 1007 781 1089 propter
799 1024 900 1068 unum
920 998 1123 1066 Curculionis
1147 1000 1250 1081 septe·

101 1110 230 1174 narium
253 1109 295 1192 Il,
318 1111 349 1194 3,
372 1111 429 1176 81:

214 1241 322 1337 Ciput
344 1250 762 1338 deponit,'c‹5ndormisoit:
791 1255 852 1339 ego
882 1252 911 1317 ei
940 1250 1085 1316 subduco
1109 1250 1252 1315 anulum.

103 1394 167 1461 Sed
190 1394 252 1461 hoo
277 1395 387 1462 addito
411 1396 477 1461 iarn
501 1395 659 1461 exhausta
683 1399 733 1460 est
751 1393 926 1460 multitudo
946 1394 1177 1478 exemplorum.
1213 1393 1252 1458 ln

103 1503 221 1590 quibus
246 1503 275 1568 si
299 1504 398 1569 etiam
419 1508 529 1586 puter
555 1502 705 1569 habitum
730 1506 792 1586 est,
816 1501 883 1567 eius
907 1501 955 1565 rei
978 1504 1012 1565 et
1034 1502 1195 1566 rationem
1220 1506 1253 1565 et

102 1611 294 1676 documenta
317 1610 472 1676 desidera.
509 1610 555 1675 Et
578 1611 721 1676 omnium
735 1610 879 1674 minime
903 1631 941 1675 ex
965 1631 1003 1674 eo
1023 1612 1252 1694 argumentan-

102 1717 179 1782 dum
203 1740 286 1801 esse,
314 1718 412 1803 quod,
440 1722 477 1783 ut
500 1740 516 1781 e
539 1739 627 1783 soror
649 1717 910 1800 monosyllabum
932 1737 1030 1794 socru,
1053 1716 1102 1780 ita
1125 1737 1142 1780 1
1161 1720 1252 1798 poter
1266 1737 1340 1779 cnvr

103 1824 253 1890 similiter
275 1824 398 1890 factum
421 1846 492 1889 esse
510 1827 585 1908 perc
608 1825 733 1903 dicunt,
760 1825 810 1888 vel
833 1824 909 1888 hinc
931 1823 1134 1908 intellegitur
1158 1822 1252 1908 quod,

105 1931 167 1995 etsi
193 1931 274 2012 frere
301 1954 429 2016 qnoque
457 1935 490 1996 et
517 1933 598 1996 robe
626 1954 643 1997 e
668 1932 769 2014 frater·
796 1936 829 1997 11
852 1935 950 1995 1110111
976 1931 1145 1994 contracta
1168 1933 1252 1998 sunt,

103 2041 216 2101 tamen
242 2038 322 2103 haec
350 2039 452 2104 latina
479 2060 538 2104 nec
566 2038 733 2104 contendit
761 2037 933 2124 quisquam
961 2058 1020 2102 nec
1048 2036 1156 2120 potuit
1179 2059 1252 2101 con·

104 2144 236 2210 tendere
264 2168 419 2231 umquam
447 2145 674 2230 monosyllaba
702 2144 811 2210 fuisse.
857 2143 1062 2230 Omninoque
1089 2146 1157 2208 tam
1182 2165 1252 2208 esse

104 2253 264 2319 lubricum
291 2252 354 2317 hoc
382 2272 485 2337 genus
509 2251 759 2335 comparationis
784 2251 939 2335 arbitror,
968 2273 1031 2337 quo
1054 2254 1182 2335 praeter
1205 2272 1252 2315 ce·

104 2365 192 2425 teros
216 2358 349 2425 Wasius
373 2360 566 2443 delectatur,
593 2358 676 2422 nihil
705 2363 742 2422 ut
764 2357 838 2423 inde
866 2357 1031 2441 proficias:
1060 2358 1188 2442 quando
1211 2380 1252 2422 ne

104 2466 299 2552 Lingianum
322 2486 413 2530 uerno
436 2465 565 2550 quidem
588 2464 666 2529 illud
687 2464 727 2529 ad
746 2464 977 2529 illustrandum
995 2464 1084 2530 bomo
1103 2465 1252 2531 vocabuli

106 2595 220 2639 sonum
244 2572 302 2636 ulli
326 2594 377 2636 me
404 2572 508 2636 iudice
536 2572 610 2636 usui
639 2572 709 2637 fnit.
755 2572 845 2656 Ergo
869 2572 1015 2656 exempla
1038 2571 1252 2654 dispicienda:

106 2703 189 2767 quae
220 2685 276 2746 aut
304 2680 395 2744 nulla
424 2701 494 2744 esse
525 2679 696 2763 apparebit
726 2683 782 2743 ant
811 2678 947 2743 incerta:
979 2681 1068 2743 certa
1098 2679 1184 2743 enim
1216 2701 1254 2744 ea

104 2792 234 2855 tantum
264 2787 352 2871 dico,
384 2786 500 2872 quibus
530 2808 597 2851 non
626 2784 784 2850 levidensi
814 2786 911 2850 unius
941 2785 1077 2850 alicuius
1109 2786 1253 2868 syllabae

104 2896 157 2961 vel
180 2894 437 2979 transpositione
460 2894 512 2958 vel
536 2893 709 2958 omissione
732 2892 819 2956 iusta
837 2914 989 2956 mensura
1013 2892 1101 2956 facili
1120 2894 1252 2977 negotio

105 3003 305 3067 restituatur.
355 3000 471 3066 Ordiar
504 3024 523 3066 a
554 2999 692 3066 notabili
726 2998 891 3064 caecitatis
925 2999 1082 3083 exemplo.
1126 2999 1254 3084 Epidici

107 3110 193 3175 enim
216 3108 273 3188 ΙΙΙ,
297 3108 328 3192 2,
354 3108 394 3172 16
409 3129 492 3192 sqq.:

219 3231 304 3297 Nam
332 3232 407 3296 leno
436 3252 530 3297 omne
558 3233 731 3316 argentum
759 3230 895 3295 abstulit
922 3251 982 3313 pro
1010 3227 1158 3297 fidicina:
1193 3254 1253 3318 ego

907 3337 1040 3421 resolui,

219 3445 370 3513 Manibus
394 3446 446 3511 his
470 3444 681 3529 dinumerani,
704 3449 798 3529 pater
822 3467 914 3509 suam
937 3448 1049 3509 natam
1068 3468 1165 3530 quam
1184 3468 1253 3510 esse

908 3551 1054 3618 credidit.

220 3659 316 3727 Nunc
346 3658 465 3727 iterum
495 3663 532 3725 ut
563 3659 697 3725 fallatdr
728 3663 822 3743 pater
853 3659 979 3744 tibique
1011 3658 1167 3723 auxilium
1200 3681 1254 3744 ap·

913 3768 1053 3850 paretur:

108 3919 188 3962 num
218 3895 382 3961 credibile'
398 3891 560 3958 videbitur
591 3890 732 3955 medium
760 3911 890 3955 versum
918 3890 968 3954 vel
992 3893 1175 3954 monstrum
1198 3911 1253 3973 po·

108 4005 176 4070 tius
206 4025 318 4068 versus
349 4000 510 4087 quoddam
542 3999 688 4083 potuisse
719 3997 907 4063 Plautinum
939 3997 1076 4063 haberi?
1108 3997 1164 4083 qui
1197 4020 1254 4063 1111

109 4111 261 4176 Moncbus
290 4109 339 4175 tis
367 4109 402 4173 in
425 4107 489 4172 His
517 4105 660 4170 monibus
689 4127 748 4169 nec
780 4106 908 4168 credidit
938 4106 972 4169 in
1004 4106 1099 4168 creta
1129 4108 1254 4169 mutato

109 4217 162 4283 vel
185 4221 324 4282 metrum
346 4215 468 4281 habeat
482 4212 541 4290 ,vel
564 4211 852 4294 constructionem,
881 4214 978 4296 atque
1006 4212 1102 4296 longe
1130 4211 1254 4276 eviden-

109 4324 246 4395 tissima,
265 4322 516 4408 interpolatione
545 4343 583 4385 ex
611 4321 657 4386 eis
686 4323 839 4385 consutus
868 4319 911 4383 sit
939 4341 1021 4404 quae
1049 4319 1182 4384 inferius
1207 4340 1255 4382 sc·

111 4435 254 4516 quuutur
277 4454 304 4497 v.
328 4430 461 4516 29sqq.:

164 4553 205 4590 ra.
220 4553 371 4589 mascaron
390 4552 527 4589 orvscvnn
546 4552 571 4589 v.
1007 4538 1042 4586 26
