2986 5010
253 318 319 382 426
542 334 802 382 enonaoouara
824 335 872 381 nn
896 334 1106 382 aarroamvs

254 501 316 564 que
339 479 439 543 etiam
461 477 589 543 hiatum
612 476 786 543 admittere
809 478 840 542 h.
859 502 886 543 c.
910 498 983 542 cum
1006 479 1040 542 in
1063 478 1177 542 mediis
1200 477 1401 542 tetrametris

252 586 401 651 iambicis
425 590 459 651 et
481 587 709 670 anapaesticis,
737 586 815 649 item
845 586 880 649 in
906 585 1086 671 creticis*),
1112 589 1183 649 tum
1206 585 1402 669 ubicumque

252 693 370 759 fortior
396 694 614 779 interpunctio
645 692 723 778 (quo
750 698 860 778 potest
887 694 987 758 etiam
1014 694 1207 759 exclamatio
1229 694 1404 778 pertinere,

252 801 308 865 sed
321 822 527 886 nequaquam
541 800 706 886 quaelibet
724 801 915 866 exclamatio
934 801 1098 887 pertinet),
1116 801 1308 885 praesertim
1329 821 1402 866 cum

251 929 462 992 personarum
486 909 666 972 mutatione
690 908 875 991 coniuncta,
905 930 1040 992 pausam
1070 908 1140 972 fieri
1167 907 1403 992 pronuntiandi
1432 952 1435 955 -

252 1015 320 1078 sive
347 1014 438 1079 iubet
467 1015 535 1080 sive
563 1015 697 1099 patitur.
742 1015 838 1080 Vnde
858 1015 1060 1100 intellegitur
1083 1038 1147 1080 non
1169 1020 1239 1079 tam
1263 1015 1305 1080 ad
1328 1038 1403 1100 pro·

252 1122 416 1187 sodiacam
444 1122 625 1188 doctrinam
652 1122 714 1187 hoc
741 1128 886 1207 spectare
910 1146 1007 1210 quam
1031 1123 1199 1207 adipeam
1222 1124 1404 1188 metricam.

253 1228 354 1295 Velut
375 1230 559 1296 Trinummi
582 1254 611 1295 v,
635 1231 710 1296 584.
733 1232 812 1296 586:

92 1366 234 1414 cdxxxvi
342 1353 427 1418 Nam
455 1357 610 1420 ce'rtumst
633 1356 702 1420 sine
730 1355 806 1420 dote
829 1355 915 1420 haud
942 1352 1083 1442 dore.**)
1129 1355 1190 1422 ST.
1218 1310 1297 1442 quin
1326 1356 1406 1421 tui

893 1462 999 1528 modo.

343 1569 451 1635 Meam
474 1570 726 1655 neglegentiam.
750 1569 811 1636 ST.
834 1569 850 1634 i
869 1572 967 1636 modo.
989 1569 1053 1634 LE.
1076 1570 1167 1635 nullo
1192 1571 1301 1636 mod0.

253 1694 323 1771 Quo
356 1696 414 1760 illa
451 1717 578 1782 quoque
610 1695 761 1780 exempla
792 1695 912 1778 refero,
948 1695 981 1760 in
1014 1696 1131 1780 quibus
1164 1696 1192 1760 si
1224 1696 1407 1762 illiusmodi

253 1801 400 1885 syllabas
430 1823 489 1886 pro
524 1802 676 1867 brevibus
706 1803 913 1887 haberemus,
944 1802 1037 1867 valde
1067 1803 1198 1888 ingrata
1228 1803 1406 1888 diremptio

253 1909 411 1975 tribrachi
435 1910 540 1992 fieret,
563 1914 600 1973 ut
622 1932 651 1974 r.
675 1911 750 1993 941.
777 1906 877 1975 1179:

343 2031 410 2098 Sub
434 2034 518 2099 solio
542 2033 654 2099 louis?
682 2033 745 2100 SY.
767 2035 815 2099 ita
837 2035 918 2100 dico.
947 2033 1015 2100 CH.
1038 2057 1056 2098 e
1079 2035 1192 2100 eaelo?
1216 2034 1281 2101 SY.
1304 2039 1406 2120 atque

892 2142 1039 2207 emedio
1063 2143 1200 2227 quidem

343 2246 421 2324 Quis
445 2248 478 2312 id
501 2251 570 2314 ait?
593 2249 660 2314 LY.
683 2270 753 2335 ego.
776 2248 843 2314 LE.
860 2255 920 2315 trin
938 2250 1074 2314 uidisti?
1096 2249 1162 2314 LY.
1182 2254 1215 2313 et
1230 2253 1304 2314 trite
1324 2250 1406 2314 item

892 2357 1003 2422 uideas
1025 2356 1111 2422 licet

254 2482 398 2558 Quorum
422 2504 572 2547 versuum
602 2483 743 2566 priorem
766 2505 832 2548 non
857 2483 925 2546 sine
948 2504 1074 2547 summo
1098 2482 1279 2568 elegantiae
1305 2481 1406 2547 detri-

254 2594 363 2655 mento
387 2591 433 2656 sie
456 2591 626 2655 dimetiare
648 2613 714 2656 una
737 2591 864 2675 syllaba
887 2594 1031 2655 auctum:

288 2705 293 2712 Ι
342 2733 410 2798 Sdb
445 2733 527 2798 solio
558 2732 659 2797 Iouis:
696 2732 743 2798 ita
772 2734 857 2798 dieo:
891 2755 909 2797 e
939 2733 1083 2797 caelone:
1118 2737 1215 2816 atque
1246 2754 1263 2797 e
1296 2733 1405 2798 medio

892 2840 1030 2924 quidem.
1053 2875 1095 2885 ·-

253 2984 321 3047 Aut
343 2985 424 3049 talia
447 2990 556 3049 autern
580 2985 630 3049 vel
654 2989 807 3070 cognata,
831 2989 888 3049 aut
910 2987 1073 3068 corrupta,
1096 3004 1177 3068 quae
1201 2982 1305 3048 allata
1328 2984 1404 3067 ridi,

253 3096 328 3155 sunt
347 3091 465 3155 omnia.
497 3091 582 3168 Quid
601 3092 686 3156 enim
711 3092 828 3156 mirum
851 3092 878 3155 si
902 3092 936 3156 in
958 3091 1100 3156 centenis
1122 3090 1270 3154 versibus
1289 3092 1404 3156 multis

253 3197 358 3261 modis
386 3198 547 3281 corruptis
575 3197 770 3282 aliquotiens
798 3199 981 3283 corruptela
1009 3199 1108 3262 etiam
1135 3220 1173 3262 eo
1205 3197 1328 3284 valuit,
1365 3204 1402 3264 ut

253 3304 384 3369 brevem
408 3327 466 3389 pro
495 3305 595 3389 longa
618 3304 746 3388 syllaba
769 3305 893 3369 librarii
916 3306 1095 3370 inferrent?
1141 3304 1185 3369 Et
1208 3305 1402 3392 plerumque

252 3417 321 3476 tam
349 3416 400 3477 est
423 3415 574 3496 prompta
598 3416 695 3495 atque
719 3411 849 3476 evidens
873 3413 1069 3496 emendatio,
1093 3417 1129 3476 ut
1151 3412 1269 3477 mirere
1292 3436 1401 3498 quem·

253 3543 350 3604 quam
373 3520 485 3604 fugere
509 3521 665 3604 potuisse.
710 3519 811 3584 Velut
833 3543 905 3586 oum
930 3519 1022 3604 Capt.
1045 3521 1126 3605 prol.
1150 3520 1170 3583 9

340 3663 488 3748 Eumque
511 3661 588 3728 hinc
615 3665 805 3749 profugiens
829 3664 974 3728 uendidit
996 3665 1030 3728 in
1054 3639 1149 3728 iride

252 3807 380 3891 egregie
404 3805 566 3871 Beckerus
590 3806 628 3871 de
652 3829 733 3872 com.
757 3806 850 3871 Rom.
868 3806 933 3871 fab.
951 3830 983 3891 p.
1006 3808 1066 3872 108
1091 3807 1288 3871 emacularit
1311 3831 1399 3873 revo-

252 3917 325 3978 cato
348 3935 461 3977 oeream
488 3915 583 3996 desiit,
610 3914 695 3997 quod
725 3914 874 3977 similiter
901 3937 921 3978 a
949 3914 1092 3979 librariis
1115 3914 1327 3980 obscuratum
1350 3920 1399 3981 est

252 4024 349 4105 atque
373 4021 453 4085 alibi
476 4023 580 4085 uenire
603 4043 661 4103 pro
683 4041 797 4085 aotam
820 4022 867 4085 ire
889 4022 1139 4086 substituerunt:
1162 4021 1196 4086 id
1214 4023 1302 4106 quod
1326 4023 1397 4088 sub

340 4200 366 4265 s)
385 4196 446 4262 Quo
464 4196 607 4266 pertinent
621 4196 656 4250 de
669 4196 738 4250 ndei
752 4202 800 4265 epo
815 4197 998 4253 absimilibus
1013 4214 1099 4268 supra
1112 4197 1259 4267 disputata
1277 4217 1306 4270 p.
1320 4212 1399 4254 cm

266 4291 341 4338 llas
363 4330 369 4341 .

253 4284 263 4354 l
322 4285 437 4532 *gjwe
462 4375 539 4430 houd
565 4393 606 4429 ne
633 4377 701 4431 darc
728 4393 791 4430 eum
819 4376 980 4433 Hermanno
1008 4375 1179 4431 Ritsebelius
1205 4377 1349 4447 cogitarit
1372 4378 1400 4432 in

251 4461 294 4515 ed.
313 4461 361 4515 alt
