<?xml version="1.0" encoding="UTF-8"?>
<!DOCTYPE html PUBLIC "-//W3C//DTD XHTML 1.0 Transitional//EN"
    "http://www.w3.org/TR/xhtml1/DTD/xhtml1-transitional.dtd">
<html xmlns="http://www.w3.org/1999/xhtml" xml:lang="en" lang="en">
 <head>
  <title>
</title>
<meta http-equiv="Content-Type" content="text/html;charset=utf-8" />
  <meta name='ocr-system' content='tesseract 3.04.00' />
  <meta name='ocr-capabilities' content='ocr_page ocr_carea ocr_par ocr_line ocrx_word'/>
</head>
<body>
  <div class='ocr_page' id='page_1' title='image "./fridericiritsch05wachgoog_0476.png"; bbox 0 0 2986 5010; ppageno 0'>
   <div class='ocr_carea' id='block_1_1' title="bbox 424 358 1247 428">
    <p class='ocr_par' dir='ltr' id='par_1_1' title="bbox 424 358 1247 428">
     <span class='ocr_line' id='line_1_1' title="bbox 424 358 1247 428; baseline -0.004 -3"><span class='ocrx_word' id='word_1_1' title='bbox 424 380 687 427; x_wconf 76' lang='lat' dir='ltr'>aununarroum</span> <span class='ocrx_word' id='word_1_2' title='bbox 711 380 922 428; x_wconf 70' lang='lat' dir='ltr'>curvamus.</span> <span class='ocrx_word' id='word_1_3' title='bbox 1182 358 1247 423; x_wconf 79' lang='lat'>459</span> 
     </span>
    </p>
   </div>
   <div class='ocr_carea' id='block_1_2' title="bbox 192 521 1093 1143">
    <p class='ocr_par' dir='ltr' id='par_1_2' title="bbox 192 521 1093 1143">
     <span class='ocr_line' id='line_1_2' title="bbox 194 521 1087 599; baseline -0.001 -12"><span class='ocrx_word' id='word_1_4' title='bbox 194 522 256 599; x_wconf 82' lang='lat' dir='ltr'>Qui</span> <span class='ocrx_word' id='word_1_5' title='bbox 280 521 389 587; x_wconf 90' lang='lat' dir='ltr'>omnia</span> <span class='ocrx_word' id='word_1_6' title='bbox 413 543 447 586; x_wconf 93' lang='lat' dir='ltr'>se</span> <span class='ocrx_word' id='word_1_7' title='bbox 471 521 628 586; x_wconf 89' lang='lat' dir='ltr'>simulant</span> <span class='ocrx_word' id='word_1_8' title='bbox 656 573 1087 589; x_wconf 90' lang='grc'><strong>.........</strong></span> 
     </span>
     <span class='ocr_line' id='line_1_3' title="bbox 193 629 1088 695; baseline -0.001 -1"><span class='ocrx_word' id='word_1_9' title='bbox 193 629 344 695; x_wconf 80' lang='lat' dir='ltr'>Consulit</span> <span class='ocrx_word' id='word_1_10' title='bbox 368 629 541 694; x_wconf 79' lang='lat' dir='ltr'>aduorsum</span> <span class='ocrx_word' id='word_1_11' title='bbox 603 680 1088 694; x_wconf 90' lang='grc'><strong>..........</strong></span> 
     </span>
     <span class='ocr_line' id='line_1_4' title="bbox 194 734 1090 802; baseline 0 -2"><span class='ocrx_word' id='word_1_12' title='bbox 194 736 310 802; x_wconf 90' lang='lat' dir='ltr'>Militis</span> <span class='ocrx_word' id='word_1_13' title='bbox 334 734 472 801; x_wconf 90' lang='lat' dir='ltr'>amicam</span> <span class='ocrx_word' id='word_1_14' title='bbox 496 786 1090 802; x_wconf 86' lang='grc'><strong>............</strong></span> 
     </span>
     <span class='ocr_line' id='line_1_5' title="bbox 192 841 1090 928; baseline -0.002 -20"><span class='ocrx_word' id='word_1_15' title='bbox 192 841 395 909; x_wconf 86' lang='lat' dir='ltr'>Bacchidem.</span> <span class='ocrx_word' id='word_1_16' title='bbox 426 842 583 908; x_wconf 80' lang='lat' dir='ltr'>Vtrumne</span> <span class='ocrx_word' id='word_1_17' title='bbox 607 846 685 928; x_wconf 77' lang='lat' dir='ltr'>ergo</span> <span class='ocrx_word' id='word_1_18' title='bbox 709 893 1090 910; x_wconf 90' lang='grc'><strong>........</strong></span> 
     </span>
     <span class='ocr_line' id='line_1_6' title="bbox 196 948 1092 1016; baseline 0 -1"><span class='ocrx_word' id='word_1_19' title='bbox 196 948 314 1016; x_wconf 91' lang='lat' dir='ltr'>Omnia</span> <span class='ocrx_word' id='word_1_20' title='bbox 336 948 451 1015; x_wconf 84' lang='lat' dir='ltr'>resciui</span> <span class='ocrx_word' id='word_1_21' title='bbox 498 1000 1092 1016; x_wconf 91' lang='lat'><strong>............</strong></span> 
     </span>
     <span class='ocr_line' id='line_1_7' title="bbox 193 1057 1093 1143; baseline -0.002 -19"><span class='ocrx_word' id='word_1_22' title='bbox 193 1057 360 1143; x_wconf 79' lang='lat' dir='ltr'>Chrysalo,</span> <span class='ocrx_word' id='word_1_23' title='bbox 384 1058 456 1143; x_wconf 88' lang='lat' dir='ltr'>quis</span> <span class='ocrx_word' id='word_1_24' title='bbox 481 1060 532 1122; x_wconf 87' lang='lat' dir='ltr'>e&#39;st</span> <span class='ocrx_word' id='word_1_25' title='bbox 554 1057 646 1143; x_wconf 83' lang='lat' dir='ltr'>hic*)</span> <span class='ocrx_word' id='word_1_26' title='bbox 711 1106 1093 1123; x_wconf 90' lang='grc'><strong>........</strong></span> 
     </span>
    </p>
   </div>
   <div class='ocr_carea' id='block_1_3' title="bbox 106 1199 1253 1715">
    <p class='ocr_par' dir='ltr' id='par_1_3' title="bbox 106 1199 1253 1715">
     <span class='ocr_line' id='line_1_8' title="bbox 106 1199 1252 1287; baseline -0.003 -21"><span class='ocrx_word' id='word_1_27' title='bbox 106 1204 201 1287; x_wconf 84' lang='lat' dir='ltr'>longe</span> <span class='ocrx_word' id='word_1_28' title='bbox 231 1201 342 1266; x_wconf 87' lang='lat' dir='ltr'>eadem</span> <span class='ocrx_word' id='word_1_29' title='bbox 371 1199 594 1284; x_wconf 78' lang='lat' dir='ltr'><strong>frequentiora</strong></span> <span class='ocrx_word' id='word_1_30' title='bbox 621 1224 679 1265; x_wconf 91' lang='lat' dir='ltr'>nec</span> <span class='ocrx_word' id='word_1_31' title='bbox 707 1223 726 1264; x_wconf 92' lang='lat' dir='ltr'>a</span> <span class='ocrx_word' id='word_1_32' title='bbox 754 1202 869 1265; x_wconf 89' lang='lat' dir='ltr'>ceteris</span> <span class='ocrx_word' id='word_1_33' title='bbox 899 1224 1011 1265; x_wconf 86' lang='lat' dir='ltr'>versus</span> <span class='ocrx_word' id='word_1_34' title='bbox 1041 1200 1171 1265; x_wconf 84' lang='lat' dir='ltr'>sedibus</span> <span class='ocrx_word' id='word_1_35' title='bbox 1199 1222 1252 1264; x_wconf 82' lang='lat' dir='ltr'>ex·</span> 
     </span>
     <span class='ocr_line' id='line_1_9' title="bbox 106 1306 1252 1390; baseline -0.003 -16"><span class='ocrx_word' id='word_1_36' title='bbox 106 1311 196 1375; x_wconf 90' lang='lat' dir='ltr'>clusa</span> <span class='ocrx_word' id='word_1_37' title='bbox 214 1308 247 1372; x_wconf 93' lang='lat' dir='ltr'>in</span> <span class='ocrx_word' id='word_1_38' title='bbox 268 1308 483 1390; x_wconf 78' lang='lat' dir='ltr'>anapaesticis</span> <span class='ocrx_word' id='word_1_39' title='bbox 502 1308 709 1372; x_wconf 79' lang='lat' dir='ltr'>carminibus.</span> <span class='ocrx_word' id='word_1_40' title='bbox 753 1307 791 1371; x_wconf 92' lang='lat' dir='ltr'>ln</span> <span class='ocrx_word' id='word_1_41' title='bbox 810 1307 958 1373; x_wconf 81' lang='lat' dir='ltr'>iambicis</span> <span class='ocrx_word' id='word_1_42' title='bbox 978 1308 1064 1371; x_wconf 89' lang='lat' dir='ltr'>enim</span> <span class='ocrx_word' id='word_1_43' title='bbox 1082 1306 1134 1371; x_wconf 85' lang='lat' dir='ltr'>vel</span> <span class='ocrx_word' id='word_1_44' title='bbox 1153 1307 1252 1371; x_wconf 90' lang='lat' dir='ltr'>etiam</span> 
     </span>
     <span class='ocr_line' id='line_1_10' title="bbox 106 1412 1253 1501; baseline -0.004 -19"><span class='ocrx_word' id='word_1_45' title='bbox 106 1415 281 1483; x_wconf 79' lang='lat' dir='ltr'>trochaicis</span> <span class='ocrx_word' id='word_1_46' title='bbox 310 1412 364 1501; x_wconf 90' lang='lat' dir='ltr'>(de</span> <span class='ocrx_word' id='word_1_47' title='bbox 393 1415 510 1499; x_wconf 89' lang='lat' dir='ltr'>quibus</span> <span class='ocrx_word' id='word_1_48' title='bbox 540 1415 627 1479; x_wconf 87' lang='lat' dir='ltr'>infra</span> <span class='ocrx_word' id='word_1_49' title='bbox 655 1413 794 1500; x_wconf 86' lang='lat' dir='ltr'>dicetur)</span> <span class='ocrx_word' id='word_1_50' title='bbox 818 1416 873 1500; x_wconf 91' lang='lat' dir='ltr'>qui</span> <span class='ocrx_word' id='word_1_51' title='bbox 898 1414 999 1479; x_wconf 87' lang='lat' dir='ltr'>cuivis</span> <span class='ocrx_word' id='word_1_52' title='bbox 1024 1415 1094 1479; x_wconf 92' lang='lat' dir='ltr'>loco</span> <span class='ocrx_word' id='word_1_53' title='bbox 1119 1414 1253 1498; x_wconf 89' lang='lat' dir='ltr'>dactyli-</span> 
     </span>
     <span class='ocr_line' id='line_1_11' title="bbox 107 1521 1253 1607; baseline -0.003 -18"><span class='ocrx_word' id='word_1_54' title='bbox 107 1547 179 1589; x_wconf 90' lang='lat' dir='ltr'>cum</span> <span class='ocrx_word' id='word_1_55' title='bbox 203 1527 369 1587; x_wconf 86' lang='lat' dir='ltr'>accentum</span> <span class='ocrx_word' id='word_1_56' title='bbox 393 1522 486 1586; x_wconf 91' lang='lat' dir='ltr'>illum</span> <span class='ocrx_word' id='word_1_57' title='bbox 510 1521 683 1587; x_wconf 79' lang='lat' dir='ltr'>concedere</span> <span class='ocrx_word' id='word_1_58' title='bbox 707 1523 848 1588; x_wconf 90' lang='lat' dir='ltr'>animum</span> <span class='ocrx_word' id='word_1_59' title='bbox 874 1523 1013 1604; x_wconf 87' lang='lat' dir='ltr'>inducat,</span> <span class='ocrx_word' id='word_1_60' title='bbox 1036 1522 1118 1586; x_wconf 92' lang='lat' dir='ltr'>nihil</span> <span class='ocrx_word' id='word_1_61' title='bbox 1135 1545 1201 1607; x_wconf 94' lang='lat' dir='ltr'>quo</span> <span class='ocrx_word' id='word_1_62' title='bbox 1220 1522 1253 1586; x_wconf 93' lang='lat' dir='ltr'>id</span> 
     </span>
     <span class='ocr_line' id='line_1_12' title="bbox 107 1628 1253 1715; baseline -0.001 -21"><span class='ocrx_word' id='word_1_63' title='bbox 107 1631 223 1715; x_wconf 86' lang='lat' dir='ltr'>probet</span> <span class='ocrx_word' id='word_1_64' title='bbox 250 1631 380 1713; x_wconf 88' lang='lat' dir='ltr'>praeter</span> <span class='ocrx_word' id='word_1_65' title='bbox 410 1628 511 1693; x_wconf 91' lang='lat' dir='ltr'>solius</span> <span class='ocrx_word' id='word_1_66' title='bbox 538 1631 637 1695; x_wconf 80' lang='lat' dir='ltr'>nescio</span> <span class='ocrx_word' id='word_1_67' title='bbox 664 1630 788 1695; x_wconf 87' lang='lat' dir='ltr'>formae</span> <span class='ocrx_word' id='word_1_68' title='bbox 816 1631 963 1714; x_wconf 85' lang='lat' dir='ltr'>exempla</span> <span class='ocrx_word' id='word_1_69' title='bbox 993 1629 1074 1695; x_wconf 88' lang='lat' dir='ltr'>talia</span> <span class='ocrx_word' id='word_1_70' title='bbox 1104 1629 1253 1694; x_wconf 86' lang='lat' dir='ltr'>babebit:</span> 
     </span>
    </p>
   </div>
   <div class='ocr_carea' id='block_1_4' title="bbox 196 1770 1200 1964">
    <p class='ocr_par' dir='ltr' id='par_1_4' title="bbox 196 1770 1200 1964">
     <span class='ocr_line' id='line_1_13' title="bbox 198 1770 1084 1859; baseline -0.001 -23"><span class='ocrx_word' id='word_1_71' title='bbox 198 1771 243 1836; x_wconf 92' lang='lat' dir='ltr'>Vt</span> <span class='ocrx_word' id='word_1_72' title='bbox 267 1771 367 1836; x_wconf 75' lang='lat' dir='ltr'>uerba</span> <span class='ocrx_word' id='word_1_73' title='bbox 390 1770 470 1836; x_wconf 90' lang='lat' dir='ltr'>mihi</span> <span class='ocrx_word' id='word_1_74' title='bbox 494 1772 559 1856; x_wconf 87' lang='lat' dir='ltr'>dat,</span> <span class='ocrx_word' id='word_1_75' title='bbox 582 1776 619 1837; x_wconf 81' lang='lat' dir='ltr'>dt</span> <span class='ocrx_word' id='word_1_76' title='bbox 641 1774 741 1838; x_wconf 70' lang='lat' dir='ltr'>nesae</span> <span class='ocrx_word' id='word_1_77' title='bbox 765 1770 863 1859; x_wconf 85' lang='lat' dir='ltr'>quam</span> <span class='ocrx_word' id='word_1_78' title='bbox 886 1776 955 1837; x_wconf 73' lang='lat' dir='ltr'>rem</span> <span class='ocrx_word' id='word_1_79' title='bbox 979 1776 1084 1857; x_wconf 82' lang='lat' dir='ltr'>gerat:</span> 
     </span>
     <span class='ocr_line' id='line_1_14' title="bbox 196 1877 1200 1964; baseline 0 -21"><span class='ocrx_word' id='word_1_80' title='bbox 196 1878 302 1943; x_wconf 78' lang='lat' dir='ltr'>Multa</span> <span class='ocrx_word' id='word_1_81' title='bbox 325 1879 420 1942; x_wconf 91' lang='lat' dir='ltr'>simul</span> <span class='ocrx_word' id='word_1_82' title='bbox 444 1880 549 1964; x_wconf 74' lang='lat' dir='ltr'>rogas,</span> <span class='ocrx_word' id='word_1_83' title='bbox 572 1881 672 1944; x_wconf 68' lang='lat' dir='ltr'>meio</span> <span class='ocrx_word' id='word_1_84' title='bbox 694 1879 769 1964; x_wconf 92' lang='lat' dir='ltr'>quid</span> <span class='ocrx_word' id='word_1_85' title='bbox 794 1880 959 1964; x_wconf 83' lang='lat' dir='ltr'>e&#39;xpediam</span> <span class='ocrx_word' id='word_1_86' title='bbox 984 1877 1200 1963; x_wconf 79' lang='lat' dir='ltr'>potissumum</span> 
     </span>
    </p>
   </div>
   <div class='ocr_carea' id='block_1_5' title="bbox 108 2019 1373 3607">
    <p class='ocr_par' dir='ltr' id='par_1_5' title="bbox 108 2019 1373 2734">
     <span class='ocr_line' id='line_1_15' title="bbox 108 2019 1254 2106; baseline -0.003 -18"><span class='ocrx_word' id='word_1_87' title='bbox 108 2047 125 2088; x_wconf 90' lang='lat' dir='ltr'>e</span> <span class='ocrx_word' id='word_1_88' title='bbox 145 2022 261 2088; x_wconf 89' lang='lat' dir='ltr'>Bacch.</span> <span class='ocrx_word' id='word_1_89' title='bbox 276 2020 342 2087; x_wconf 83' lang='grc'>756</span> <span class='ocrx_word' id='word_1_90' title='bbox 363 2022 466 2105; x_wconf 76' lang='lat'>[7951.</span> <span class='ocrx_word' id='word_1_91' title='bbox 486 2019 575 2085; x_wconf 86' lang='lat' dir='ltr'>Trin.</span> <span class='ocrx_word' id='word_1_92' title='bbox 591 2022 669 2087; x_wconf 87' lang='lat'>880:</span> <span class='ocrx_word' id='word_1_93' title='bbox 692 2021 726 2086; x_wconf 91' lang='lat' dir='ltr'>in</span> <span class='ocrx_word' id='word_1_94' title='bbox 749 2021 900 2106; x_wconf 87' lang='lat' dir='ltr'>qualibus</span> <span class='ocrx_word' id='word_1_95' title='bbox 919 2026 1085 2106; x_wconf 86' lang='lat' dir='ltr'>praestare</span> <span class='ocrx_word' id='word_1_96' title='bbox 1105 2021 1254 2105; x_wconf 87' lang='lat' dir='ltr'>spondia-</span> 
     </span>
     <span class='ocr_line' id='line_1_16' title="bbox 109 2128 1252 2213; baseline -0.005 -16"><span class='ocrx_word' id='word_1_97' title='bbox 109 2154 179 2196; x_wconf 89' lang='lat' dir='ltr'>cam</span> <span class='ocrx_word' id='word_1_98' title='bbox 199 2151 383 2194; x_wconf 90' lang='lat' dir='ltr'>mensuram</span> <span class='ocrx_word' id='word_1_99' title='bbox 403 2128 541 2213; x_wconf 87' lang='lat' dir='ltr'>synizesi</span> <span class='ocrx_word' id='word_1_100' title='bbox 567 2130 714 2194; x_wconf 87' lang='lat' dir='ltr'>effectam</span> <span class='ocrx_word' id='word_1_101' title='bbox 735 2151 832 2212; x_wconf 90' lang='lat' dir='ltr'>supra</span> <span class='ocrx_word' id='word_1_102' title='bbox 851 2129 1069 2194; x_wconf 79' lang='lat' dir='ltr'>demonstravi</span> <span class='ocrx_word' id='word_1_103' title='bbox 1088 2152 1117 2213; x_wconf 90' lang='lat' dir='ltr'>p.</span> <span class='ocrx_word' id='word_1_104' title='bbox 1133 2146 1252 2192; x_wconf 78' lang='lat' dir='ltr'>cnxvu</span> 
     </span>
     <span class='ocr_line' id='line_1_17' title="bbox 109 2234 1254 2323; baseline -0.004 -20"><span class='ocrx_word' id='word_1_105' title='bbox 109 2240 212 2323; x_wconf 87' lang='lat'>[410].</span> <span class='ocrx_word' id='word_1_106' title='bbox 228 2272 269 2284; x_wconf 85' lang='lat'><em>-</em></span> <span class='ocrx_word' id='word_1_107' title='bbox 285 2234 455 2300; x_wconf 84' lang='lat' dir='ltr'>Sciendum</span> <span class='ocrx_word' id='word_1_108' title='bbox 474 2239 525 2301; x_wconf 89' lang='lat' dir='ltr'>est</span> <span class='ocrx_word' id='word_1_109' title='bbox 543 2238 651 2300; x_wconf 90' lang='lat' dir='ltr'>autem</span> <span class='ocrx_word' id='word_1_110' title='bbox 672 2235 811 2300; x_wconf 93' lang='lat' dir='ltr'>similem</span> <span class='ocrx_word' id='word_1_111' title='bbox 830 2235 998 2320; x_wconf 87' lang='lat' dir='ltr'>dactylicis</span> <span class='ocrx_word' id='word_1_112' title='bbox 1018 2235 1254 2321; x_wconf 89' lang='lat' dir='ltr'>pronuntiatio·</span> 
     </span>
     <span class='ocr_line' id='line_1_18' title="bbox 108 2342 1373 2427; baseline -0.009 -15"><span class='ocrx_word' id='word_1_113' title='bbox 108 2369 183 2412; x_wconf 87' lang='lat' dir='ltr'>nem</span> <span class='ocrx_word' id='word_1_114' title='bbox 206 2343 451 2410; x_wconf 86' lang='lat' dir='ltr'>tribrachica</span> <span class='ocrx_word' id='word_1_115' title='bbox 474 2342 603 2427; x_wconf 87' lang='lat' dir='ltr'>quidem</span> <span class='ocrx_word' id='word_1_116' title='bbox 631 2343 789 2408; x_wconf 89' lang='lat' dir='ltr'>vocabula</span> <span class='ocrx_word' id='word_1_117' title='bbox 817 2344 868 2408; x_wconf 90' lang='lat' dir='ltr'>vel</span> <span class='ocrx_word' id='word_1_118' title='bbox 896 2345 930 2408; x_wconf 91' lang='lat' dir='ltr'>in</span> <span class='ocrx_word' id='word_1_119' title='bbox 958 2344 1161 2410; x_wconf 85' lang='lat' dir='ltr'>tribrachum</span> <span class='ocrx_word' id='word_1_120' title='bbox 1184 2365 1254 2407; x_wconf 86' lang='lat' dir='ltr'>exe·</span> <span class='ocrx_word' id='word_1_121' title='bbox 1269 2362 1373 2403; x_wconf 84' lang='lat' dir='ltr'>ccxxv</span> 
     </span>
     <span class='ocr_line' id='line_1_19' title="bbox 109 2451 1254 2534; baseline -0.003 -17"><span class='ocrx_word' id='word_1_122' title='bbox 109 2453 200 2517; x_wconf 88' lang='lat' dir='ltr'>untia</span> <span class='ocrx_word' id='word_1_123' title='bbox 224 2452 271 2516; x_wconf 85' lang='lat' dir='ltr'>ita</span> <span class='ocrx_word' id='word_1_124' title='bbox 293 2472 472 2532; x_wconf 88' lang='lat' dir='ltr'>recusasse,</span> <span class='ocrx_word' id='word_1_125' title='bbox 499 2453 535 2513; x_wconf 87' lang='lat' dir='ltr'>ut</span> <span class='ocrx_word' id='word_1_126' title='bbox 563 2472 739 2534; x_wconf 86' lang='lat' dir='ltr'>numquam</span> <span class='ocrx_word' id='word_1_127' title='bbox 766 2451 852 2517; x_wconf 91' lang='lat' dir='ltr'>huno</span> <span class='ocrx_word' id='word_1_128' title='bbox 876 2457 1044 2517; x_wconf 85' lang='lat' dir='ltr'>accentum</span> <span class='ocrx_word' id='word_1_129' title='bbox 1066 2478 1147 2519; x_wconf 65' lang='lat' dir='ltr'>ooo</span> <span class='ocrx_word' id='word_1_130' title='bbox 1169 2472 1254 2515; x_wconf 89' lang='lat' dir='ltr'>rece-</span> 
     </span>
     <span class='ocr_line' id='line_1_20' title="bbox 109 2557 1255 2643; baseline -0.003 -21"><span class='ocrx_word' id='word_1_131' title='bbox 109 2558 224 2642; x_wconf 90' lang='lat' dir='ltr'>perint,</span> <span class='ocrx_word' id='word_1_132' title='bbox 243 2557 299 2622; x_wconf 88' lang='lat' dir='ltr'>sed</span> <span class='ocrx_word' id='word_1_133' title='bbox 318 2561 375 2622; x_wconf 90' lang='lat' dir='ltr'>aut</span> <span class='ocrx_word' id='word_1_134' title='bbox 392 2557 573 2642; x_wconf 84' lang='lat' dir='ltr'>legitimum</span> <span class='ocrx_word' id='word_1_135' title='bbox 592 2585 641 2624; x_wconf 70' lang='lat' dir='ltr'>ao</span> <span class='ocrx_word' id='word_1_136' title='bbox 654 2598 672 2625; x_wconf 77' lang='lat' dir='ltr'>o</span> <span class='ocrx_word' id='word_1_137' title='bbox 695 2563 760 2641; x_wconf 89' lang='lat' dir='ltr'>aut,</span> <span class='ocrx_word' id='word_1_138' title='bbox 779 2563 816 2624; x_wconf 94' lang='lat' dir='ltr'>ut</span> <span class='ocrx_word' id='word_1_139' title='bbox 832 2582 905 2623; x_wconf 82' lang='lat' dir='ltr'>mox</span> <span class='ocrx_word' id='word_1_140' title='bbox 920 2560 1138 2643; x_wconf 81' lang='lat' dir='ltr'>intellegetur,</span> <span class='ocrx_word' id='word_1_141' title='bbox 1157 2557 1255 2622; x_wconf 90' lang='lat' dir='ltr'>certis</span> 
     </span>
     <span class='ocr_line' id='line_1_21' title="bbox 109 2665 837 2734; baseline -0.001 -2"><span class='ocrx_word' id='word_1_142' title='bbox 109 2665 348 2732; x_wconf 86' lang='lat' dir='ltr'>condicionibus</span> <span class='ocrx_word' id='word_1_143' title='bbox 372 2665 611 2730; x_wconf 89' lang='lat' dir='ltr'>inusitatiorcm</span> <span class='ocrx_word' id='word_1_144' title='bbox 635 2666 719 2730; x_wconf 89' lang='lat' dir='ltr'>hunc</span> <span class='ocrx_word' id='word_1_145' title='bbox 742 2693 837 2734; x_wconf 60' lang='lat' dir='ltr'>occ.</span> 
     </span>
    </p>

    <p class='ocr_par' dir='ltr' id='par_1_6' title="bbox 111 2772 1257 3607">
     <span class='ocr_line' id='line_1_22' title="bbox 200 2772 1257 2858; baseline -0.005 -20"><span class='ocrx_word' id='word_1_146' title='bbox 200 2773 319 2838; x_wconf 82' lang='lat' dir='ltr'>Affinis</span> <span class='ocrx_word' id='word_1_147' title='bbox 343 2772 428 2836; x_wconf 89' lang='lat' dir='ltr'>enim</span> <span class='ocrx_word' id='word_1_148' title='bbox 453 2772 685 2858; x_wconf 85' lang='lat' dir='ltr'>dactylicorum</span> <span class='ocrx_word' id='word_1_149' title='bbox 704 2772 779 2837; x_wconf 92' lang='lat' dir='ltr'>huic</span> <span class='ocrx_word' id='word_1_150' title='bbox 798 2773 960 2837; x_wconf 90' lang='lat' dir='ltr'>notationi</span> <span class='ocrx_word' id='word_1_151' title='bbox 984 2819 1015 2826; x_wconf 93' lang='lat'><em>-</em></span> <span class='ocrx_word' id='word_1_152' title='bbox 1031 2800 1081 2840; x_wconf 69' lang='lat' dir='ltr'>ao</span> <span class='ocrx_word' id='word_1_153' title='bbox 1103 2772 1182 2836; x_wconf 88' lang='lat' dir='ltr'>haec</span> <span class='ocrx_word' id='word_1_154' title='bbox 1206 2773 1257 2834; x_wconf 90' lang='lat' dir='ltr'>est</span> 
     </span>
     <span class='ocr_line' id='line_1_23' title="bbox 111 2876 1255 2968; baseline -0.009 -18"><span class='ocrx_word' id='word_1_155' title='bbox 111 2909 175 2950; x_wconf 76' lang='lat' dir='ltr'>-c</span> <span class='ocrx_word' id='word_1_156' title='bbox 205 2881 256 2946; x_wconf 90' lang='lat' dir='ltr'>vel</span> <span class='ocrx_word' id='word_1_157' title='bbox 289 2877 368 2965; x_wconf 87' lang='lat' dir='ltr'>(quo</span> <span class='ocrx_word' id='word_1_158' title='bbox 401 2879 512 2964; x_wconf 91' lang='lat' dir='ltr'>paullo</span> <span class='ocrx_word' id='word_1_159' title='bbox 545 2880 649 2965; x_wconf 80' lang='lat' dir='ltr'>magis</span> <span class='ocrx_word' id='word_1_160' title='bbox 683 2884 834 2944; x_wconf 89' lang='lat' dir='ltr'>accentus</span> <span class='ocrx_word' id='word_1_161' title='bbox 866 2879 1043 2968; x_wconf 89' lang='lat' dir='ltr'>insolentia</span> <span class='ocrx_word' id='word_1_162' title='bbox 1079 2876 1255 2962; x_wconf 86' lang='lat' dir='ltr'>delitescit)</span> 
     </span>
     <span class='ocr_line' id='line_1_24' title="bbox 112 2985 1256 3071; baseline -0.007 -16"><span class='ocrx_word' id='word_1_163' title='bbox 112 2992 218 3055; x_wconf 89' lang='lat' dir='ltr'>soluta</span> <span class='ocrx_word' id='word_1_164' title='bbox 246 2987 448 3071; x_wconf 87' lang='lat' dir='ltr'>paenultima</span> <span class='ocrx_word' id='word_1_165' title='bbox 469 3011 569 3055; x_wconf 59' lang='lat' dir='ltr'>aaa:</span> <span class='ocrx_word' id='word_1_166' title='bbox 603 3009 700 3071; x_wconf 91' lang='lat' dir='ltr'>quam</span> <span class='ocrx_word' id='word_1_167' title='bbox 731 3011 790 3052; x_wconf 91' lang='lat' dir='ltr'>sua</span> <span class='ocrx_word' id='word_1_168' title='bbox 819 2991 934 3070; x_wconf 85' lang='lat' dir='ltr'>sponte</span> <span class='ocrx_word' id='word_1_169' title='bbox 962 2985 1162 3069; x_wconf 80' lang='lat' dir='ltr'>intellegitur</span> <span class='ocrx_word' id='word_1_170' title='bbox 1191 3006 1256 3048; x_wconf 91' lang='lat' dir='ltr'>non</span> 
     </span>
     <span class='ocr_line' id='line_1_25' title="bbox 112 3091 1256 3182; baseline -0.008 -20"><span class='ocrx_word' id='word_1_171' title='bbox 112 3119 207 3182; x_wconf 89' lang='lat' dir='ltr'>posse</span> <span class='ocrx_word' id='word_1_172' title='bbox 235 3117 301 3161; x_wconf 92' lang='lat' dir='ltr'>non</span> <span class='ocrx_word' id='word_1_173' title='bbox 329 3095 490 3178; x_wconf 87' lang='lat' dir='ltr'>syllabam</span> <span class='ocrx_word' id='word_1_174' title='bbox 518 3095 649 3159; x_wconf 89' lang='lat' dir='ltr'>brevem</span> <span class='ocrx_word' id='word_1_175' title='bbox 679 3094 779 3179; x_wconf 88' lang='lat' dir='ltr'>sequi.</span> <span class='ocrx_word' id='word_1_176' title='bbox 826 3092 889 3158; x_wconf 86' lang='lat' dir='ltr'>Sed</span> <span class='ocrx_word' id='word_1_177' title='bbox 917 3092 978 3157; x_wconf 92' lang='lat' dir='ltr'>hoc</span> <span class='ocrx_word' id='word_1_178' title='bbox 1001 3115 1066 3156; x_wconf 91' lang='lat' dir='ltr'>non</span> <span class='ocrx_word' id='word_1_179' title='bbox 1090 3091 1169 3155; x_wconf 86' lang='lat' dir='ltr'>satis</span> <span class='ocrx_word' id='word_1_180' title='bbox 1193 3096 1256 3154; x_wconf 85' lang='lat' dir='ltr'>est:</span> 
     </span>
     <span class='ocr_line' id='line_1_26' title="bbox 114 3198 1256 3286; baseline -0.004 -19"><span class='ocrx_word' id='word_1_181' title='bbox 114 3206 202 3267; x_wconf 88' lang='lat' dir='ltr'>certa</span> <span class='ocrx_word' id='word_1_182' title='bbox 234 3202 319 3266; x_wconf 90' lang='lat' dir='ltr'>enim</span> <span class='ocrx_word' id='word_1_183' title='bbox 352 3202 576 3286; x_wconf 89' lang='lat' dir='ltr'>plerumque</span> <span class='ocrx_word' id='word_1_184' title='bbox 609 3200 756 3266; x_wconf 91' lang='lat' dir='ltr'>condicio</span> <span class='ocrx_word' id='word_1_185' title='bbox 790 3201 869 3265; x_wconf 88' lang='lat' dir='ltr'>haec</span> <span class='ocrx_word' id='word_1_186' title='bbox 902 3200 1039 3283; x_wconf 86' lang='lat' dir='ltr'>accedit,</span> <span class='ocrx_word' id='word_1_187' title='bbox 1076 3203 1113 3263; x_wconf 91' lang='lat' dir='ltr'>ut</span> <span class='ocrx_word' id='word_1_188' title='bbox 1144 3198 1256 3262; x_wconf 86' lang='lat' dir='ltr'>binae</span> 
     </span>
     <span class='ocr_line' id='line_1_27' title="bbox 113 3308 1257 3393; baseline -0.004 -19"><span class='ocrx_word' id='word_1_189' title='bbox 113 3311 225 3374; x_wconf 87' lang='lat' dir='ltr'>breves</span> <span class='ocrx_word' id='word_1_190' title='bbox 245 3313 431 3393; x_wconf 89' lang='lat' dir='ltr'>sequantur,</span> <span class='ocrx_word' id='word_1_191' title='bbox 455 3311 506 3373; x_wconf 89' lang='lat' dir='ltr'>vel</span> <span class='ocrx_word' id='word_1_192' title='bbox 524 3313 561 3373; x_wconf 95' lang='lat' dir='ltr'>ut</span> <span class='ocrx_word' id='word_1_193' title='bbox 579 3308 650 3373; x_wconf 86' lang='lat' dir='ltr'>aliis</span> <span class='ocrx_word' id='word_1_194' title='bbox 670 3308 777 3374; x_wconf 89' lang='lat' dir='ltr'>verbis</span> <span class='ocrx_word' id='word_1_195' title='bbox 797 3308 912 3391; x_wconf 87' lang='lat' dir='ltr'>dicam,</span> <span class='ocrx_word' id='word_1_196' title='bbox 935 3312 971 3371; x_wconf 88' lang='lat' dir='ltr'>ut</span> <span class='ocrx_word' id='word_1_197' title='bbox 990 3312 1124 3372; x_wconf 88' lang='lat' dir='ltr'>accentu</span> <span class='ocrx_word' id='word_1_198' title='bbox 1141 3310 1257 3371; x_wconf 88' lang='lat' dir='ltr'>notata</span> 
     </span>
     <span class='ocr_line' id='line_1_28' title="bbox 114 3413 1257 3502; baseline -0.005 -21"><span class='ocrx_word' id='word_1_199' title='bbox 114 3417 241 3502; x_wconf 88' lang='lat' dir='ltr'>syllaba</span> <span class='ocrx_word' id='word_1_200' title='bbox 263 3439 335 3481; x_wconf 85' lang='lat' dir='ltr'>curn</span> <span class='ocrx_word' id='word_1_201' title='bbox 359 3416 515 3500; x_wconf 81' lang='lat' dir='ltr'>proximis</span> <span class='ocrx_word' id='word_1_202' title='bbox 538 3437 604 3481; x_wconf 90' lang='lat' dir='ltr'>non</span> <span class='ocrx_word' id='word_1_203' title='bbox 628 3418 854 3500; x_wconf 84' lang='lat' dir='ltr'>anapaestum,</span> <span class='ocrx_word' id='word_1_204' title='bbox 882 3414 938 3479; x_wconf 91' lang='lat' dir='ltr'>sed</span> <span class='ocrx_word' id='word_1_205' title='bbox 965 3414 1166 3479; x_wconf 90' lang='lat' dir='ltr'>tribrachum</span> <span class='ocrx_word' id='word_1_206' title='bbox 1191 3413 1257 3475; x_wconf 84' lang='lat' dir='ltr'>effi-</span> 
     </span>
     <span class='ocr_line' id='line_1_29' title="bbox 114 3520 1257 3607; baseline -0.004 -19"><span class='ocrx_word' id='word_1_207' title='bbox 114 3525 187 3589; x_wconf 87' lang='lat' dir='ltr'>ciat.</span> <span class='ocrx_word' id='word_1_208' title='bbox 233 3524 283 3588; x_wconf 79' lang='lat' dir='ltr'>Ea</span> <span class='ocrx_word' id='word_1_209' title='bbox 305 3523 407 3607; x_wconf 84' lang='lat' dir='ltr'>igitur</span> <span class='ocrx_word' id='word_1_210' title='bbox 436 3522 659 3607; x_wconf 88' lang='lat' dir='ltr'>pronuntiatio</span> <span class='ocrx_word' id='word_1_211' title='bbox 688 3523 854 3606; x_wconf 87' lang='lat' dir='ltr'>propriam</span> <span class='ocrx_word' id='word_1_212' title='bbox 882 3522 945 3586; x_wconf 92' lang='lat' dir='ltr'>sibi</span> <span class='ocrx_word' id='word_1_213' title='bbox 970 3521 1076 3586; x_wconf 90' lang='lat' dir='ltr'>sedem</span> <span class='ocrx_word' id='word_1_214' title='bbox 1101 3520 1201 3584; x_wconf 92' lang='lat' dir='ltr'>habet</span> <span class='ocrx_word' id='word_1_215' title='bbox 1224 3521 1257 3583; x_wconf 94' lang='lat' dir='ltr'>in</span> 
     </span>
    </p>
   </div>
   <div class='ocr_carea' id='block_1_6' title="bbox 115 3627 1257 3821">
    <p class='ocr_par' dir='ltr' id='par_1_7' title="bbox 115 3627 1257 3821">
     <span class='ocr_line' id='line_1_30' title="bbox 115 3627 1257 3715; baseline -0.005 -20"><span class='ocrx_word' id='word_1_216' title='bbox 115 3631 425 3715; x_wconf 86' lang='lat' dir='ltr'>septenariorum</span> <span class='ocrx_word' id='word_1_217' title='bbox 451 3630 590 3695; x_wconf 85' lang='lat' dir='ltr'>secundo</span> <span class='ocrx_word' id='word_1_218' title='bbox 614 3630 666 3694; x_wconf 86' lang='lat' dir='ltr'>vel</span> <span class='ocrx_word' id='word_1_219' title='bbox 689 3630 787 3695; x_wconf 86' lang='lat' dir='ltr'>tertio</span> <span class='ocrx_word' id='word_1_220' title='bbox 809 3630 900 3713; x_wconf 90' lang='lat' dir='ltr'>pede,</span> <span class='ocrx_word' id='word_1_221' title='bbox 923 3632 959 3693; x_wconf 93' lang='lat' dir='ltr'>ut</span> <span class='ocrx_word' id='word_1_222' title='bbox 982 3627 1070 3691; x_wconf 83' lang='lat' dir='ltr'>Trin.</span> <span class='ocrx_word' id='word_1_223' title='bbox 1090 3628 1163 3691; x_wconf 88' lang='grc'>714.</span> <span class='ocrx_word' id='word_1_224' title='bbox 1184 3627 1257 3690; x_wconf 85' lang='grc'>715.</span> 
     </span>
     <span class='ocr_line' id='line_1_31' title="bbox 115 3734 1217 3821; baseline -0.005 -18"><span class='ocrx_word' id='word_1_225' title='bbox 115 3738 189 3803; x_wconf 83' lang='grc'>873.</span> <span class='ocrx_word' id='word_1_226' title='bbox 212 3736 278 3801; x_wconf 92' lang='lat' dir='ltr'>Mil.</span> <span class='ocrx_word' id='word_1_227' title='bbox 303 3737 344 3821; x_wconf 96' lang='lat' dir='ltr'>ll,</span> <span class='ocrx_word' id='word_1_228' title='bbox 368 3739 398 3818; x_wconf 77' lang='lat'>2,</span> <span class='ocrx_word' id='word_1_229' title='bbox 422 3737 473 3801; x_wconf 86' lang='lat'>38.</span> <span class='ocrx_word' id='word_1_230' title='bbox 497 3736 615 3802; x_wconf 87' lang='lat' dir='ltr'>Bacch.</span> <span class='ocrx_word' id='word_1_231' title='bbox 640 3738 682 3800; x_wconf 80' lang='grc'>72</span> <span class='ocrx_word' id='word_1_232' title='bbox 706 3737 809 3820; x_wconf 85' lang='grc'><strong>[103].</strong></span> <span class='ocrx_word' id='word_1_233' title='bbox 833 3736 920 3800; x_wconf 82' lang='lat' dir='ltr'>Trin.</span> <span class='ocrx_word' id='word_1_234' title='bbox 944 3737 1017 3800; x_wconf 80' lang='lat'>624.</span> <span class='ocrx_word' id='word_1_235' title='bbox 1041 3735 1115 3800; x_wconf 79' lang='lat'>629.</span> <span class='ocrx_word' id='word_1_236' title='bbox 1140 3734 1217 3798; x_wconf 87' lang='lat'>889:</span> 
     </span>
    </p>
   </div>
   <div class='ocr_carea' id='block_1_7' title="bbox 203 3877 1214 4069">
    <p class='ocr_par' dir='ltr' id='par_1_8' title="bbox 203 3877 1214 4069">
     <span class='ocr_line' id='line_1_32' title="bbox 205 3877 1214 3964; baseline -0.006 -20"><span class='ocrx_word' id='word_1_237' title='bbox 205 3880 279 3944; x_wconf 85' lang='lat' dir='ltr'>Sine</span> <span class='ocrx_word' id='word_1_238' title='bbox 302 3879 377 3963; x_wconf 79' lang='lat' dir='ltr'>dote&#39;,</span> <span class='ocrx_word' id='word_1_239' title='bbox 400 3901 502 3964; x_wconf 92' lang='lat' dir='ltr'>neque</span> <span class='ocrx_word' id='word_1_240' title='bbox 525 3883 561 3942; x_wconf 88' lang='lat' dir='ltr'>tu</span> <span class='ocrx_word' id='word_1_241' title='bbox 585 3877 660 3943; x_wconf 91' lang='lat' dir='ltr'>hinc</span> <span class='ocrx_word' id='word_1_242' title='bbox 684 3879 842 3943; x_wconf 82' lang='lat' dir='ltr'>abituru&#39;s</span> <span class='ocrx_word' id='word_1_243' title='bbox 888 3926 1214 3942; x_wconf 93' lang='grc'><strong>.......</strong></span> 
     </span>
     <span class='ocr_line' id='line_1_33' title="bbox 203 3985 1214 4069; baseline -0.006 -18"><span class='ocrx_word' id='word_1_244' title='bbox 203 3985 260 4051; x_wconf 82' lang='lat' dir='ltr'>Sin</span> <span class='ocrx_word' id='word_1_245' title='bbox 282 3986 375 4050; x_wconf 77' lang='lat' dir='ltr'>alitc&#39;r</span> <span class='ocrx_word' id='word_1_246' title='bbox 397 3986 559 4050; x_wconf 75' lang='lat' dir='ltr'>animatus</span> <span class='ocrx_word' id='word_1_247' title='bbox 583 4008 627 4069; x_wconf 87' lang='lat' dir='ltr'>es,</span> <span class='ocrx_word' id='word_1_248' title='bbox 649 3986 731 4050; x_wconf 87' lang='lat' dir='ltr'>bene</span> <span class='ocrx_word' id='word_1_249' title='bbox 778 4031 1214 4049; x_wconf 91' lang='grc'><strong>.........</strong></span> 
     </span>
    </p>
   </div>
   <div class='ocr_carea' id='block_1_8' title="bbox 204 4072 1214 4283">
    <p class='ocr_par' dir='ltr' id='par_1_9' title="bbox 204 4072 1214 4283">
     <span class='ocr_line' id='line_1_34' title="bbox 204 4072 1214 4166; baseline -0.006 -8"><span class='ocrx_word' id='word_1_250' title='bbox 204 4072 267 4166; x_wconf 69' lang='lat' dir='ltr'>llbi</span> <span class='ocrx_word' id='word_1_251' title='bbox 290 4093 404 4158; x_wconf 75' lang='lat' dir='ltr'>habitet</span> <span class='ocrx_word' id='word_1_252' title='bbox 426 4097 459 4157; x_wconf 88' lang='lat' dir='ltr'>et</span> <span class='ocrx_word' id='word_1_253' title='bbox 482 4092 561 4156; x_wconf 90' lang='lat' dir='ltr'>item</span> <span class='ocrx_word' id='word_1_254' title='bbox 585 4092 724 4157; x_wconf 80' lang='lat' dir='ltr'>alterum</span> <span class='ocrx_word' id='word_1_255' title='bbox 749 4092 789 4156; x_wconf 88' lang='lat' dir='ltr'>ad</span> <span class='ocrx_word' id='word_1_256' title='bbox 812 4093 917 4156; x_wconf 86' lang='lat' dir='ltr'>istanc</span> <span class='ocrx_word' id='word_1_257' title='bbox 942 4139 1214 4156; x_wconf 94' lang='grc'><strong><em>......</em></strong></span> 
     </span>
     <span class='ocr_line' id='line_1_35' title="bbox 205 4199 1214 4283; baseline -0.003 -19"><span class='ocrx_word' id='word_1_258' title='bbox 205 4199 290 4265; x_wconf 74' lang='lat' dir='ltr'>Nam</span> <span class='ocrx_word' id='word_1_259' title='bbox 313 4200 425 4264; x_wconf 82' lang='lat' dir='ltr'>mulie‘r</span> <span class='ocrx_word' id='word_1_260' title='bbox 448 4199 581 4263; x_wconf 76' lang='lat' dir='ltr'>holitori</span> <span class='ocrx_word' id='word_1_261' title='bbox 605 4221 780 4283; x_wconf 90' lang='lat' dir='ltr'>numquam</span> <span class='ocrx_word' id='word_1_262' title='bbox 835 4247 1214 4264; x_wconf 88' lang='lat'>........</span> 
     </span>
    </p>
   </div>
   <div class='ocr_carea' id='block_1_9' title="bbox 116 4407 1260 4569">
    <p class='ocr_par' dir='ltr' id='par_1_10' title="bbox 116 4407 1260 4569">
     <span class='ocr_line' id='line_1_36' title="bbox 205 4407 1260 4479; baseline -0.001 -14"><span class='ocrx_word' id='word_1_263' title='bbox 205 4409 323 4479; x_wconf 75' lang='lat' dir='ltr'>*)Nam</span> <span class='ocrx_word' id='word_1_264' title='bbox 345 4409 478 4479; x_wconf 71' lang='lat' dir='ltr'>siquidm</span> <span class='ocrx_word' id='word_1_265' title='bbox 500 4410 528 4463; x_wconf 89' lang='lat' dir='ltr'>in</span> <span class='ocrx_word' id='word_1_266' title='bbox 553 4407 657 4464; x_wconf 85' lang='lat' dir='ltr'>talibus</span> <span class='ocrx_word' id='word_1_267' title='bbox 682 4411 713 4462; x_wconf 88' lang='lat' dir='ltr'>ut</span> <span class='ocrx_word' id='word_1_268' title='bbox 736 4408 811 4463; x_wconf 84' lang='lat' dir='ltr'>Tn‘n.</span> <span class='ocrx_word' id='word_1_269' title='bbox 836 4415 901 4463; x_wconf 80' lang='lat'>593:</span> <span class='ocrx_word' id='word_1_270' title='bbox 930 4408 1069 4479; x_wconf 70' lang='lat' dir='ltr'>Siquidem</span> <span class='ocrx_word' id='word_1_271' title='bbox 1092 4427 1156 4479; x_wconf 77' lang='lat' dir='ltr'>aper</span> <span class='ocrx_word' id='word_1_272' title='bbox 1181 4410 1260 4464; x_wconf 76' lang='lat' dir='ltr'>uobis</span> 
     </span>
     <span class='ocr_line' id='line_1_37' title="bbox 116 4497 997 4569; baseline 0.001 -16"><span class='ocrx_word' id='word_1_273' title='bbox 116 4501 208 4554; x_wconf 74' lang='lat' dir='ltr'>saluos</span> <span class='ocrx_word' id='word_1_274' title='bbox 227 4506 272 4568; x_wconf 80' lang='lat' dir='ltr'>est,</span> <span class='ocrx_word' id='word_1_275' title='bbox 291 4501 410 4569; x_wconf 86' lang='lat' dir='ltr'>apparet</span> <span class='ocrx_word' id='word_1_276' title='bbox 427 4516 478 4568; x_wconf 90' lang='lat' dir='ltr'>pro</span> <span class='ocrx_word' id='word_1_277' title='bbox 496 4498 604 4553; x_wconf 91' lang='lat' dir='ltr'>duabus</span> <span class='ocrx_word' id='word_1_278' title='bbox 622 4497 738 4554; x_wconf 83' lang='lat' dir='ltr'>vocibus</span> <span class='ocrx_word' id='word_1_279' title='bbox 756 4497 847 4569; x_wconf 88' lang='lat' dir='ltr'>accipi</span> <span class='ocrx_word' id='word_1_280' title='bbox 865 4497 997 4567; x_wconf 83' lang='lat' dir='ltr'>potuisse.</span> 
     </span>
    </p>
   </div>
   <div class='ocr_carea' id='block_1_10' title="bbox 0 0 1511 5010">
    <p class='ocr_par' dir='ltr' id='par_1_11' title="bbox 0 0 1511 5010">
     <span class='ocr_line' id='line_1_38' title="bbox 0 0 1511 5010; baseline 0 0"><span class='ocrx_word' id='word_1_281' title='bbox 0 0 1511 5010; x_wconf 95' lang='lat' dir='ltr'> </span> 
     </span>
    </p>
   </div>
  </div>
 </body>
</html>
