2992 5004
442 357 710 405 annnoinoms
734 357 941 405 eusvnnsn.
1205 340 1271 406 325

120 523 180 586 pro
207 503 295 567 nouis
322 501 506 586 irrepsisse,
533 501 608 566 hinc
636 505 746 565 autem
775 499 1009 566 consectarium
1032 500 1132 565 fnisse
1155 502 1185 566 si
1207 521 1270 567 non

122 608 352 693 particularum
380 607 414 672 in
441 608 506 674 nisi
533 606 825 694 conversionem.*)
870 606 934 672 Sed
961 611 1070 672 tamen
1094 607 1191 673 huius
1215 630 1269 692 po-

121 715 284 781 tissimum
304 715 438 801 originis
458 737 531 780 cum
546 737 611 781 non
629 715 735 801 possit
751 715 926 780 necessitas
944 715 1143 801 persuaderi,
1165 716 1268 781 tutius

120 823 224 887 visum
253 826 303 887 est
330 821 382 887 hic
410 844 537 908 quoque
560 823 816 888 vetustissimum
844 826 962 888 testem
991 823 1095 909 sequi:
1123 845 1269 907 praeser-

120 931 181 996 tim
200 953 272 996 cum
295 929 376 995 illud
399 930 453 995 rix
477 953 514 996 sc
537 953 578 996 ne
601 931 656 996 vix
674 931 804 1016 quidem
825 932 1009 1016 concedam,
1032 931 1067 995 in
1086 931 1269 1017 corrigendi

119 1060 234 1104 caussa
264 1038 362 1103 etiam
391 1058 497 1120 ampo
523 1037 612 1102 vocis
640 1039 875 1123 correptionem
903 1038 1017 1104 fuisse:
1045 1060 1120 1103 narn
1148 1043 1268 1104 metro·

118 1169 191 1211 rum
224 1145 354 1231 quidem
388 1149 602 1211 correctorem
634 1145 725 1211 nulla
740 1146 807 1210 ‘rel
838 1145 872 1210 in
902 1145 1121 1211 Ambrosiana
1150 1145 1202 1211 vel
1234 1145 1267 1210 in

119 1243 290 1319 Palatinis
310 1252 450 1338 vestigia
478 1252 636 1337 produnt,
673 1252 704 1317 id
737 1253 821 1338 quod
854 1252 919 1317 iam
952 1252 1028 1317 olim
1060 1253 1267 1337 pronuntiavi

117 1360 230 1427 Dium.
253 1361 376 1447 antiqu.
399 1359 584 1425 Darmstad.
603 1382 631 1424 a.
651 1377 939 1428 clomcccxxxvu
958 1382 988 1444 p.
1009 1357 1139 1445 755.**)
1175 1357 1265 1425 Cete-
1280 1383 1369 1424 nxvn

117 1492 189 1534 rum
213 1468 411 1534 diversamm
435 1466 656 1532 recensionunr
686 1470 800 1532 tenues
823 1467 980 1552 quasdam
1004 1468 1172 1551 tamquam
1195 1466 1268 1530 roli-

118 1575 210 1661 quias
242 1597 306 1640 non
338 1575 459 1640 infitior
490 1574 587 1640 hodie
619 1596 747 1661 quoque
780 1597 964 1660 superesse,
997 1571 1053 1639 sed
1085 1594 1195 1638 earum
1228 1595 1266 1638 ex

117 1681 356 1767 antiquioribus
384 1684 421 1746 ut
447 1684 527 1764 puto
558 1680 694 1747 saeculis
722 1681 984 1767 repetendarum,
1012 1681 1133 1766 partim
1157 1682 1267 1745 autem

117 1812 176 1854 sua
208 1792 324 1873 sponte
356 1792 521 1871 natarum,
553 1788 673 1872 partim
706 1787 818 1853 critica
850 1810 948 1873 opera
980 1787 1266 1873 grammaticorum

116 1899 313 1981 paratarum.
351 1895 494 1973 Quarum
518 1895 785 1981 unamaliquam
809 1916 939 1960 necesse
962 1898 1014 1959 est
1036 1895 1070 1958 in
1092 1894 1266 1979 praecipuo

117 2004 239 2070 honore
268 2025 326 2089 per
354 2003 553 2068 saeculorum
578 2002 747 2068 decursum
769 2002 915 2067 habitam
945 2024 1029 2086 esse,
1057 2001 1123 2066 sive
1152 2023 1224 2066 eam
1248 2024 1267 2067 a

119 2111 251 2178 Valerio
275 2110 381 2176 Probo
410 2110 477 2174 sive
507 2109 548 2174 ab
578 2110 643 2175 alio
672 2109 865 2194 profectam:
893 2131 970 2174 nam
994 2109 1033 2173 de
1056 2107 1203 2175 Varrone
1225 2132 1266 2174 ne

119 2219 191 2305 quis
211 2218 394 2303 suspicetur
410 2217 490 2282 satis
508 2217 580 2282 cavi
599 2217 766 2303 Parergon
783 2240 814 2302 p.
833 2217 884 2284 80.
905 2217 968 2282 367
990 2220 1023 2281 et
1040 2238 1142 2302 nuper
1160 2215 1266 2282 Musei

117 2327 228 2411 philol.
252 2326 357 2391 nostri
384 2327 407 2388 t.
431 2324 478 2389 VI
503 2348 533 2409 p.
556 2326 621 2391 509
647 2327 703 2407 [=
722 2324 838 2410 Opuso.
862 2324 939 2410 phil.
963 2323 1013 2401 ΠΙ
1036 2347 1066 2408 p.
1085 2323 1149 2389 447
1170 2325 1266 2404 ann.].

116 2433 200 2498 Eum
239 2434 363 2515 autem,
401 2432 546 2518 quisquis
577 2433 655 2517 fuit,
692 2454 770 2498 sane
808 2435 913 2496 metra
949 2453 1076 2517 quoque
1115 2430 1265 2518 attigisse

118 2544 207 2624 puto,
230 2542 263 2602 et
285 2537 491 2629 potissimum
515 2539 645 2625 quidem
669 2539 795 2604 cantica
812 2538 965 2604 Plautina
983 2541 1016 2605 in
1036 2562 1106 2605 eam
1125 2539 1264 2605 formam

116 2645 292 2731 redegisse,
321 2646 361 2710 ad
389 2647 480 2712 ouius
508 2647 690 2732 exemplum
719 2646 827 2732 aliquo
855 2646 1041 2730 intervallo,
1069 2647 1124 2712 sed
1153 2651 1263 2711 tamen

116 2753 281 2819 communi
300 2774 395 2837 saepe
414 2754 602 2819 testimonio
617 2755 649 2818 A
669 2758 702 2819 et
719 2754 753 2818 B
772 2753 942 2818 accedunt:
965 2776 1102 2838 quorum
1122 2754 1262 2818 cantieo-

118 2884 188 2927 rum
206 2860 348 2925 rstiones
366 2861 432 2926 iam
451 2860 598 2946 proximo
618 2865 694 2945 post
713 2864 826 2946 poetae
844 2864 985 2925 aetatem
1002 2861 1131 2925 saeculo
1145 2882 1261 2945 parum

116 2971 304 3054 perspectas
338 2991 408 3033 esse
441 2967 596 3033 Sisennae
629 2969 776 3052 exemplo
810 2967 903 3032 docui
934 2967 1098 3052 Parergon
1130 2989 1159 3051 p.
1188 2968 1262 3033 383.

114 3077 285 3141 Praeterea
308 3098 325 3139 e
349 3076 429 3140 satis
458 3075 592 3160 antiqua
615 3079 721 3140 aetate
744 3074 824 3139 illud
848 3074 1057 3160 repetendum
1081 3073 1174 3139 valde
1197 3098 1262 3140 me·

114 3182 282 3266 morabile,
305 3182 392 3267 quod
414 3181 609 3267 quibusdam
633 3182 668 3245 in
691 3181 814 3246 fabulis
838 3203 896 3266 pro
921 3182 967 3246 eis
991 3204 1072 3267 quae
1096 3204 1182 3248 nuno
1206 3183 1262 3248 ha-

113 3292 231 3356 bentur
258 3309 471 3373 personarum
499 3288 686 3353 nominibus
715 3289 749 3352 in
772 3289 804 3353 A
827 3310 960 3372 prorsus
984 3289 1112 3355 diversa
1134 3295 1263 3374 reperta

113 3400 203 3462 sunt:
227 3395 312 3482 quod
335 3395 430 3481 attigi
454 3395 573 3460 ibidem
598 3418 627 3479 p.
647 3397 721 3481 278,
744 3417 804 3460 suo
828 3396 899 3462 looo
924 3417 1097 3481 persequar
1121 3397 1260 3462 uberius.

115 3543 158 3550 —
177 3504 206 3568 E
224 3503 284 3568 tali
303 3505 413 3567 autem
432 3502 621 3568 recensendi
640 3503 747 3569 studio
768 3506 800 3567 et
819 3503 953 3568 consilio
976 3502 1132 3588 quidquid
1155 3507 1261 3568 trans·

113 3611 179 3676 isse
207 3611 242 3675 in
270 3609 524 3675 Ambrosianum
552 3610 741 3695 conieceris,
772 3614 860 3675 certe
891 3632 957 3675 non
989 3610 1111 3694 poteris
1140 3612 1261 3676 talibus

116 3718 156 3782 ad
171 3717 314 3803 aliquam
333 3721 499 3801 tamquam
517 3718 779 3803 praerogativam
794 3718 1018 3783 Palatinorum
1038 3718 1260 3782 demonstran·

112 3824 188 3890 dam
210 3824 271 3889 uti:
299 3846 376 3888 nam
399 3845 482 3909 quae
505 3823 539 3888 in
563 3823 615 3888 bis
638 3824 717 3908 ipsis
741 3824 878 3908 duplicis
902 3824 1097 3890 recensionis
1122 3824 1281 3909 vestigia¹

113 3954 207 3998 versu
233 3932 316 3997 1188
346 3932 458 4016 aperui
486 3930 628 4019 (ducums
655 3938 843 4015 qrtumumst
870 3935 903 3997 et
924 3933 1034 3996 ducat:
1063 3932 1143 4015 licet,
1171 3952 1260 3996 acoe-

112 4039 207 4103 dente
230 4061 441 4123 personarum
465 4038 669 4124 mutatione),
693 4039 740 4104 eis
763 4038 991 4104 manifestiora
1014 4038 1146 4122 reperiri
1166 4058 1260 4123 nego.

113 4145 227 4230 ltaque
250 4145 313 4211 hoo
336 4168 432 4211 omne
456 4167 528 4211 cum
552 4144 644 4210 valde
667 4146 856 4231 ambiguum
881 4146 937 4229 sit,
960 4167 1027 4210 non
1051 4144 1172 4229 poterit
1194 4165 1260 4209 non

202 4392 228 4461 ⁴¹)
249 4392 301 4465 [Ol.
320 4392 394 4449 infra
411 4412 438 4464 p.
457 4406 560 4448 cxxx1.
580 4392 680 4461 Opuso.
700 4391 770 4462 phil.
790 4391 816 4446 ΙΙ
833 4410 861 4462 p.
881 4392 955 4464 248]

182 4481 225 4552 *')
245 4483 293 4554 [-
317 4482 418 4554 Opnsc.
437 4482 507 4554 phil.
527 4480 553 4536 ΙΙ
570 4499 597 4553 p.
619 4487 679 4550 198,
697 4481 746 4536 ubi
764 4481 828 4537 vids
846 4480 1079 4554 annotationem]
