2940 5004
406 359 671 407 suuunnmouss
696 361 902 408 cnlvmuss.
1166 348 1227 411 491

83 500 165 581 90όά
190 500 293 582 lcobcs,
322 525 356 565 se
385 506 518 566 tuentur
546 503 625 567 item
655 503 696 567 ab
724 504 818 567 initio
846 526 958 568 versus
987 506 1095 588 posita
1123 508 1158 570 cc
1187 509 1232 571 ita

85 631 112 672 v.
136 610 201 673 343
227 613 261 672 et
287 610 322 672 ct
348 630 423 691 apro
446 633 474 674 v.
498 612 579 674 616:
608 633 667 693 pro
695 609 811 694 quibus
840 634 1036 695 quamquam
1061 613 1155 677 iacile
1180 636 1234 687 ex:
1325 677 1326 680 ,

85 719 226 800 spectes,
253 717 340 798 quod
368 716 502 781 suadere
531 717 756 800 oppositorum
785 718 869 781 ratio
893 718 1033 801 videtur,
1063 722 1107 782 ita.
1129 722 1177 783 uti
1200 725 1233 783 et

84 823 232 925 dpro'uti
259 798 328 907 (ia
354 825 402 887 cti
430 828 457 886 te
483 823 618 887 uliorcim
644 824 830 907 miserescat,
856 824 899 888 uc'
922 827 961 889 tis
990 827 1069 890 ulios
1092 828 1234 891 crcisereat

84 935 117 994 et
139 930 226 1013 Apro
247 935 283 995 at
304 936 423 995 euertat
440 931 649 1015 Lesbonicum
671 932 794 1013 querulo
816 934 928 997 omitit
949 930 1099 1020 cedibus),
1122 938 1232 998 tamen

84 1037 182 1100 etiam
213 1037 317 1102 altera
346 1036 404 1100 illa
433 1037 603 1102 collocatio
638 1037 767 1101 admitti
801 1039 909 1121 potuit
940 1045 1113 1124 propterea
1146 1040 1231 1124 quod

83 1144 165 1208 nihil
189 1144 230 1208 ad
254 1165 383 1208 sensum
407 1144 631 1228 ambiguitatis
655 1143 755 1209 habet
777 1150 814 1209 ut
843 1146 882 1210 Vt
903 1147 956 1210 ille
979 1146 1065 1210 illud.

174 1251 350 1335 Oppositas
380 1273 451 1315 esse
482 1251 580 1315 etiam
611 1251 699 1317 Trin.
723 1275 750 1315 v.
775 1253 795 1315 6
825 1254 1051 1334 pronominum
1081 1255 1231 1319 notiones

84 1379 135 1440 090
166 1360 199 1422 et
228 1358 317 1422 illaec
345 1380 441 1422 nemo
472 1362 523 1423 est
552 1358 608 1442 qui
637 1362 747 1443 neget:
780 1362 812 1421 et
842 1363 953 1422 tamen
981 1359 1016 1423 in
1046 1360 1131 1424 thesi
1155 1362 1233 1425 deli·

84 1468 206 1528 tescere
234 1487 285 1548 090
312 1465 400 1548 passi
429 1488 552 1530 sumus:
582 1466 676 1528 minc
707 1466 803 1547 ipibcr
825 1467 975 1549 primum,
997 1468 1080 1548 qcoe'
1097 1488 1149 1550 090
1171 1471 1232 1533 sim

84 1574 113 1635 c't
138 1592 216 1653 qaue
242 1571 331 1636 illae‘c
357 1572 421 1635 siet.
468 1571 561 1648 Quod
590 1571 718 1655 quidem
742 1575 869 1636 tanturn
893 1573 986 1637 abest
1009 1579 1046 1637 ut
1069 1574 1103 1638 in
1127 1579 1231 1640 artem

85 1679 238 1760 offendat,
265 1683 303 1742 ut
329 1677 584 1761 locupletissima
606 1678 732 1741 ratione
755 1678 887 1742 nitatur.
933 1679 1064 1744 Etenim
1088 1681 1231 1746 ubicum-

85 1807 146 1868 que
169 1806 234 1849 non
258 1784 396 1868 simplex
414 1785 452 1848 fit
470 1785 606 1849 duarum
625 1785 796 1849 notionum
816 1786 991 1869 oppositio,
1015 1787 1070 1850 sed
1090 1788 1230 1871 geminis

85 1892 233 1978 geminae
256 1891 405 1955 notiones
429 1894 649 1974 opponuntur,
677 1891 865 1974 plerumque
889 1913 948 1955 nec
971 1892 1138 1958 commode
1161 1895 1230 1958 fieri

85 1998 193 2082 potuit
220 2002 257 2062 ut
286 2000 515 2081 quaternarum
545 2019 659 2061 vocum
683 1997 774 2060 nulla
797 2001 889 2061 extra
919 1998 1018 2063 arsim
1047 2005 1145 2084 esset,
1174 2024 1231 2065 nec

86 2128 166 2190 opus
198 2127 268 2170 esse
298 2107 368 2167 tam
397 2103 512 2188 putida
542 2103 715 2187 diligentia
742 2103 848 2168 visum
879 2108 943 2188 est,
974 2105 1029 2170 sed
1060 2107 1139 2171 satis
1169 2107 1233 2171 fuit

85 2213 254 2296 utriusque
283 2211 421 2276 membri
448 2211 595 2295 bipertiti
626 2212 819 2277 alterutrum
843 2212 1071 2278 antitheticum
1094 2215 1231 2279 vocabu-

85 2319 151 2383 lum
176 2318 255 2383 acui.
296 2318 404 2382 Pauca
428 2318 513 2382 enim
536 2320 683 2402 exempla
706 2320 757 2382 vel
781 2324 850 2384 tam
872 2325 1133 2385 consummatam
1156 2344 1231 2385 con·

86 2425 274 2490 cinnitatem
294 2447 372 2509 pree
390 2448 423 2490 se
446 2425 554 2489 ferrmt
572 2448 669 2509 quam
690 2425 806 2490 Bacch.
821 2428 886 2491 333
902 2428 1009 2511 [365]:
1034 2427 1072 2493 Sc·
1090 2428 1140 2492 illi
1159 2434 1234 2493 sunt

85 2534 193 2613 uirgae
215 2532 293 2615 sciri,
316 2538 350 2595 at
372 2534 451 2597 ccidi
474 2534 590 2615 torpa'm
613 2533 733 2614 domist,
756 2534 895 2597 voltam
915 2534 1102 2619 languidum
1122 2555 1232 2620 genus,

85 2642 122 2702 ut
144 2638 334 2721 bipertitum
358 2641 539 2704 membrum
563 2641 702 2704 alterurn
726 2645 831 2703 totum
860 2640 903 2704 sit
931 2640 964 2703 in
994 2639 1092 2721 thesi,
1119 2641 1170 2705 bis
1199 2643 1231 2705 in

86 2745 150 2810 arsi
165 2746 314 2826 alterum,
327 2750 364 2808 ut
378 2746 421 2810 ib.
435 2747 497 2811 103
514 2745 621 2828 [134]:
640 2746 664 2809 I
666 2747 763 2810 bidem
782 2747 834 2828 c‘po
853 2768 952 2809 000000
966 2767 1089 2827 operum
1098 2747 1232 2828 pc'rdidi,

85 2852 175 2938 ubi-²¹¹)
208 2854 241 2916 tri
274 2858 368 2917 beorn.
419 2853 484 2917 Vbi
517 2853 545 2917 si
577 2853 628 2916 vel
656 2875 706 2935 090
734 2857 768 2917 et
795 2859 895 2936 tucca,
929 2854 978 2917 vel
1006 2874 1107 2917 000000
1136 2856 1169 2916 et
1199 2859 1232 2917 ta

87 2965 278 3026 acuerentur
302 2960 384 3043 sola,
413 2959 470 3023 illa
497 2959 570 3042 ipsa
597 2960 742 3043 prodiret
771 2953 875 3042 quam*
892 2960 1031 3023 maxime
1059 2960 1231 3042 probatam

86 3089 157 3132 esse
176 3068 316 3151 speciem
339 3067 417 3131 dixi:
442 3067 536 3150 quale
560 3066 620 3130 boc
641 3070 691 3130 est
714 3066 801 3130 Trin.
825 3067 881 3130 59:
912 3068 972 3131 Via
994 3067 1231 3131 contendemus?

87 3175 185 3239 trium
199 3195 250 3257 090
263 3176 375 3238 dacum
389 3178 416 3237 et
430 3174 467 3237 lii
480 3174 603 3236 mecm?
617 3171 700 3236 Item
711 3173 828 3237 Bacch.
843 3174 902 3237 131
921 3173 1027 3257 [160]:
1044 3173 1111 3238 tibi
1123 3195 1175 3256 090
1189 3196 1232 3237 aa

89 3288 127 3346 ta
149 3282 224 3346 milri
245 3282 349 3346 sc'ruos
371 3282 424 3346 cs?
449 3281 508 3363 vel,
531 3301 572 3343 ne
591 3280 625 3343 iu
645 3280 721 3344 solis
740 3279 987 3362 pronominibus
1007 3280 1231 3363 subsistamus,
1246 3303 1358 3344 ccnxw

87 3389 130 3452 ib.
144 3410 173 3456 v.
187 3389 208 3451 4
224 3388 308 3471 [35]:
327 3388 363 3451 ct
380 3393 413 3451 tu
433 3387 568 3470 tessus,
585 3374 647 3469 c'po
664 3387 782 3469 009000,
801 3386 856 3451 ubi
876 3387 937 3450 etsi
951 3386 1071 3450 licebat
1085 3388 1184 3452 ctiam
1199 3393 1232 3453 tu

87 3516 200 3558 acuere
229 3494 275 3557 sic
303 3494 551 3578 transpositum,
575 3494 608 3556 tc
630 3495 678 3558 uti
700 3494 812 3575 taceas,
835 3489 946 3556 tamen
968 3514 1033 3556 non
1058 3514 1139 3576 opus
1163 3498 1233 3558 erat

88 3600 208 3681 duplici
232 3601 401 3665 notionum
429 3601 618 3664 intentione.
664 3600 791 3665 Horum
815 3599 916 3685 igitur
939 3600 1151 3665 similitudine
1174 3601 1232 3665 illa

88 3727 216 3789 quoque
238 3709 332 3786 quac
350 3729 402 3789 epo
419 3708 479 3771 sim
497 3713 525 3771 ct
546 3729 624 3788 9000
648 3709 756 3772 illcc‘c
777 3709 834 3772 sict
851 3708 1010 3771 censenda
1029 3713 1118 3772 sunt:
1141 3709 1231 3792 prius

88 3812 174 3876 enim
199 3834 296 3895 quam
319 3813 359 3876 ad
382 3811 540 3877 Luxuriae
563 3814 758 3898 Inopiaeque
783 3814 870 3898 (090.
885 3865 891 3878 .
907 3862 914 3878 .
929 3814 1030 3898 illaec)
1054 3816 1231 3899 oppositio·

88 3942 161 3984 nem
186 3919 333 4002 pervenit
355 3919 470 3996 oratio,
498 3920 662 3984 contraria
688 3919 766 3984 baec
790 3920 976 4005 cogitantur
1002 3925 1232 4003 quaestines

87 4028 178 4109 quid
198 4026 344 4109 actionus,
374 4049 512 4109 quorum
542 4026 603 4091 hoc
634 4025 772 4089 alterum
802 4032 878 4110 post
909 4028 1036 4093 demum
1065 4028 1101 4116 (a
1123 4053 1151 4095 v.
1178 4031 1231 4114 10)

87 4133 291 4218 persequitur
318 4133 488 4217 prologus:
516 4133 599 4198 unde
629 4131 759 4196 minime
787 4155 867 4216 opus
895 4136 996 4200 fuisse
1024 4135 1153 4200 intenso
1180 4137 1232 4218 090

87 4239 291 4324 perspicitur.

177 4469 201 4536 ')
221 4469 297 4538 [nebi
316 4470 416 4538 Opusc.
437 4469 506 4538 phil.
526 4469 564 4522 lll
583 4487 609 4538 p.
632 4468 702 4538 137]
