<?xml version="1.0" encoding="UTF-8"?>
<!DOCTYPE html PUBLIC "-//W3C//DTD XHTML 1.0 Transitional//EN"
    "http://www.w3.org/TR/xhtml1/DTD/xhtml1-transitional.dtd">
<html xmlns="http://www.w3.org/1999/xhtml" xml:lang="en" lang="en">
 <head>
  <title>
</title>
<meta http-equiv="Content-Type" content="text/html;charset=utf-8" />
  <meta name='ocr-system' content='tesseract 3.04.00' />
  <meta name='ocr-capabilities' content='ocr_page ocr_carea ocr_par ocr_line ocrx_word'/>
</head>
<body>
  <div class='ocr_page' id='page_1' title='image "./fridericiritsch05wachgoog_0471.png"; bbox 0 0 2986 5010; ppageno 0'>
   <div class='ocr_carea' id='block_1_1' title="bbox 226 350 1080 414">
    <p class='ocr_par' dir='ltr' id='par_1_1' title="bbox 226 350 1080 414">
     <span class='ocr_line' id='line_1_1' title="bbox 226 350 1080 414; baseline 0 -2"><span class='ocrx_word' id='word_1_1' title='bbox 226 350 291 414; x_wconf 78' lang='grc'><strong>454</strong></span> <span class='ocrx_word' id='word_1_2' title='bbox 515 365 777 413; x_wconf 74' lang='lat' dir='ltr'><strong>euouncouuua</strong></span> <span class='ocrx_word' id='word_1_3' title='bbox 802 366 849 411; x_wconf 82' lang='lat' dir='ltr'><strong>un</strong></span> <span class='ocrx_word' id='word_1_4' title='bbox 872 364 1080 412; x_wconf 74' lang='lat' dir='ltr'><strong>canonieus</strong></span> 
     </span>
    </p>
   </div>
   <div class='ocr_carea' id='block_1_2' title="bbox 228 507 990 1022">
    <p class='ocr_par' dir='ltr' id='par_1_2' title="bbox 228 507 990 1022">
     <span class='ocr_line' id='line_1_2' title="bbox 228 507 990 575; baseline -0.005 0"><span class='ocrx_word' id='word_1_5' title='bbox 228 515 285 575; x_wconf 83' lang='lat' dir='ltr'><strong>aut</strong></span> <span class='ocrx_word' id='word_1_6' title='bbox 307 533 380 575; x_wconf 90' lang='lat' dir='ltr'><strong>cum</strong></span> <span class='ocrx_word' id='word_1_7' title='bbox 404 509 590 575; x_wconf 85' lang='lat' dir='ltr'>Hermanno</span> <span class='ocrx_word' id='word_1_8' title='bbox 615 509 660 573; x_wconf 91' lang='lat' dir='ltr'><strong>sic</strong></span> <span class='ocrx_word' id='word_1_9' title='bbox 684 513 734 572; x_wconf 88' lang='lat' dir='ltr'><strong>est</strong></span> <span class='ocrx_word' id='word_1_10' title='bbox 758 507 990 573; x_wconf 87' lang='lat' dir='ltr'><strong>emendandus:</strong></span> 
     </span>
     <span class='ocr_line' id='line_1_3' title="bbox 316 651 973 733; baseline -0.003 -17"><span class='ocrx_word' id='word_1_11' title='bbox 316 652 353 717; x_wconf 92' lang='lat' dir='ltr'><strong>Id</strong></span> <span class='ocrx_word' id='word_1_12' title='bbox 377 656 487 717; x_wconf 87' lang='lat' dir='ltr'><strong>utnim</strong></span> <span class='ocrx_word' id='word_1_13' title='bbox 511 651 610 716; x_wconf 84' lang='lat' dir='ltr'><strong>ueh‘m</strong></span> <span class='ocrx_word' id='word_1_14' title='bbox 634 653 698 718; x_wconf 89' lang='lat' dir='ltr'><strong>iam</strong></span> <span class='ocrx_word' id='word_1_15' title='bbox 722 653 767 716; x_wconf 93' lang='lat' dir='ltr'><strong>mi</strong></span> <span class='ocrx_word' id='word_1_16' title='bbox 790 652 877 717; x_wconf 80' lang='lat' dir='ltr'><strong>haud</strong></span> <span class='ocrx_word' id='word_1_17' title='bbox 900 651 920 714; x_wconf 93' lang='lat' dir='ltr'><strong>l.</strong></span> <span class='ocrx_word' id='word_1_18' title='bbox 945 652 973 733; x_wconf 90' lang='lat' dir='ltr'><strong>i.,</strong></span> 
     </span>
     <span class='ocr_line' id='line_1_4' title="bbox 229 795 664 879; baseline -0.005 -19"><span class='ocrx_word' id='word_1_19' title='bbox 229 801 285 861; x_wconf 92' lang='lat' dir='ltr'><strong>aut</strong></span> <span class='ocrx_word' id='word_1_20' title='bbox 307 797 447 861; x_wconf 85' lang='lat' dir='ltr'><strong>fortusse</strong></span> <span class='ocrx_word' id='word_1_21' title='bbox 471 795 517 860; x_wconf 87' lang='lat' dir='ltr'><strong>sic</strong></span> <span class='ocrx_word' id='word_1_22' title='bbox 541 795 664 879; x_wconf 87' lang='lat' dir='ltr'><strong>potius:</strong></span> 
     </span>
     <span class='ocr_line' id='line_1_5' title="bbox 317 936 980 1022; baseline -0.002 -20"><span class='ocrx_word' id='word_1_23' title='bbox 317 939 354 1002; x_wconf 91' lang='lat' dir='ltr'><strong>Id</strong></span> <span class='ocrx_word' id='word_1_24' title='bbox 378 939 444 1002; x_wconf 70' lang='lat' dir='ltr'><strong>is&#39;un</strong></span> <span class='ocrx_word' id='word_1_25' title='bbox 467 939 522 1022; x_wconf 86' lang='lat' dir='ltr'><strong>mi,</strong></span> <span class='ocrx_word' id='word_1_26' title='bbox 545 941 653 1001; x_wconf 89' lang='lat' dir='ltr'><strong>utrum</strong></span> <span class='ocrx_word' id='word_1_27' title='bbox 678 936 785 1020; x_wconf 91' lang='lat' dir='ltr'><strong>uelim,</strong></span> <span class='ocrx_word' id='word_1_28' title='bbox 808 937 893 1002; x_wconf 78' lang='lat' dir='ltr'><strong>haud</strong></span> <span class='ocrx_word' id='word_1_29' title='bbox 916 939 936 1001; x_wconf 94' lang='lat' dir='ltr'><strong>l.</strong></span> <span class='ocrx_word' id='word_1_30' title='bbox 960 939 980 1001; x_wconf 92' lang='lat' dir='ltr'><strong>i.</strong></span> 
     </span>
    </p>
   </div>
   <div class='ocr_carea' id='block_1_3' title="bbox 229 1078 1385 1381">
    <p class='ocr_par' dir='ltr' id='par_1_3' title="bbox 229 1078 1385 1381">
     <span class='ocr_line' id='line_1_6' title="bbox 230 1078 1385 1165; baseline -0.003 -17"><span class='ocrx_word' id='word_1_31' title='bbox 230 1082 291 1148; x_wconf 85' lang='lat' dir='ltr'><strong>Sed</strong></span> <span class='ocrx_word' id='word_1_32' title='bbox 316 1081 566 1165; x_wconf 88' lang='lat' dir='ltr'><strong>spondiacam</strong></span> <span class='ocrx_word' id='word_1_33' title='bbox 590 1104 649 1165; x_wconf 89' lang='lat' dir='ltr'><strong>pro</strong></span> <span class='ocrx_word' id='word_1_34' title='bbox 672 1081 812 1145; x_wconf 83' lang='lat' dir='ltr'><strong>iambica</strong></span> <span class='ocrx_word' id='word_1_35' title='bbox 834 1103 912 1145; x_wconf 86' lang='lat' dir='ltr'><strong>voce</strong></span> <span class='ocrx_word' id='word_1_36' title='bbox 934 1081 1052 1145; x_wconf 87' lang='lat' dir='ltr'><strong>tertius</strong></span> <span class='ocrx_word' id='word_1_37' title='bbox 1075 1101 1130 1164; x_wconf 86' lang='lat' dir='ltr'><strong>pes</strong></span> <span class='ocrx_word' id='word_1_38' title='bbox 1149 1102 1217 1144; x_wconf 92' lang='lat' dir='ltr'><strong>non</strong></span> <span class='ocrx_word' id='word_1_39' title='bbox 1237 1078 1385 1163; x_wconf 75' lang='lat' dir='ltr'><strong>admisit,</strong></span> 
     </span>
     <span class='ocr_line' id='line_1_7' title="bbox 229 1187 1384 1274; baseline -0.003 -19"><span class='ocrx_word' id='word_1_40' title='bbox 229 1192 293 1255; x_wconf 90' lang='lat' dir='ltr'><strong>nisi</strong></span> <span class='ocrx_word' id='word_1_41' title='bbox 321 1189 526 1274; x_wconf 80' lang='lat' dir='ltr'><strong>paucissimis</strong></span> <span class='ocrx_word' id='word_1_42' title='bbox 556 1189 589 1252; x_wconf 89' lang='lat' dir='ltr'><strong>in</strong></span> <span class='ocrx_word' id='word_1_43' title='bbox 622 1189 714 1272; x_wconf 91' lang='lat' dir='ltr'><strong>locis,</strong></span> <span class='ocrx_word' id='word_1_44' title='bbox 745 1188 778 1252; x_wconf 91' lang='lat' dir='ltr'><strong>in</strong></span> <span class='ocrx_word' id='word_1_45' title='bbox 808 1188 924 1272; x_wconf 91' lang='lat' dir='ltr'><strong>quibus</strong></span> <span class='ocrx_word' id='word_1_46' title='bbox 955 1188 1014 1251; x_wconf 88' lang='lat' dir='ltr'><strong>illa</strong></span> <span class='ocrx_word' id='word_1_47' title='bbox 1041 1210 1061 1251; x_wconf 91' lang='lat' dir='ltr'><strong>a</strong></span> <span class='ocrx_word' id='word_1_48' title='bbox 1090 1187 1254 1271; x_wconf 86' lang='lat' dir='ltr'><strong>prioribus</strong></span> <span class='ocrx_word' id='word_1_49' title='bbox 1286 1188 1384 1274; x_wconf 82' lang='lat' dir='ltr'><strong>gravi</strong></span> 
     </span>
     <span class='ocr_line' id='line_1_8' title="bbox 231 1295 958 1381; baseline -0.003 -21"><span class='ocrx_word' id='word_1_50' title='bbox 231 1296 490 1381; x_wconf 74' lang='lat' dir='ltr'><strong>interpunctione</strong></span> <span class='ocrx_word' id='word_1_51' title='bbox 514 1295 688 1379; x_wconf 82' lang='lat' dir='ltr'><strong>divellitur,</strong></span> <span class='ocrx_word' id='word_1_52' title='bbox 710 1298 747 1359; x_wconf 93' lang='lat' dir='ltr'><strong>ut</strong></span> <span class='ocrx_word' id='word_1_53' title='bbox 770 1295 857 1359; x_wconf 90' lang='lat' dir='ltr'><strong>Trin.</strong></span> <span class='ocrx_word' id='word_1_54' title='bbox 880 1295 958 1358; x_wconf 78' lang='lat'>427:</span> 
     </span>
    </p>
   </div>
   <div class='ocr_carea' id='block_1_4' title="bbox 321 1436 1385 1524">
    <p class='ocr_par' dir='ltr' id='par_1_4' title="bbox 321 1436 1385 1524">
     <span class='ocr_line' id='line_1_9' title="bbox 321 1436 1385 1524; baseline 0.001 -22"><span class='ocrx_word' id='word_1_55' title='bbox 321 1437 446 1522; x_wconf 81' lang='lat' dir='ltr'><strong>Nempe</strong></span> <span class='ocrx_word' id='word_1_56' title='bbox 470 1439 549 1523; x_wconf 72' lang='lat' dir='ltr'><strong>quas</strong></span> <span class='ocrx_word' id='word_1_57' title='bbox 574 1439 746 1524; x_wconf 89' lang='lat' dir='ltr'><strong>spopondi.</strong></span> <span class='ocrx_word' id='word_1_58' title='bbox 770 1437 829 1503; x_wconf 79' lang='lat' dir='ltr'><strong>ST.</strong></span> <span class='ocrx_word' id='word_1_59' title='bbox 853 1438 949 1502; x_wconf 78' lang='grc' dir='ltr'>ιἰηιιιό</span> <span class='ocrx_word' id='word_1_60' title='bbox 970 1461 1051 1522; x_wconf 89' lang='lat' dir='ltr'><strong>quas</strong></span> <span class='ocrx_word' id='word_1_61' title='bbox 1075 1437 1220 1521; x_wconf 86' lang='lat' dir='ltr'><strong>dependi,</strong></span> <span class='ocrx_word' id='word_1_62' title='bbox 1244 1436 1385 1522; x_wconf 80' lang='lat' dir='ltr'><strong>inquito</strong></span> 
     </span>
    </p>
   </div>
   <div class='ocr_carea' id='block_1_5' title="bbox 232 1580 1387 1881">
    <p class='ocr_par' dir='ltr' id='par_1_5' title="bbox 232 1580 1387 1881">
     <span class='ocr_line' id='line_1_10' title="bbox 232 1580 1385 1674; baseline 0 -29"><span class='ocrx_word' id='word_1_63' title='bbox 232 1580 300 1646; x_wconf 91' lang='lat' dir='ltr'><strong>Nec</strong></span> <span class='ocrx_word' id='word_1_64' title='bbox 328 1585 438 1645; x_wconf 88' lang='lat' dir='ltr'><strong>tamen</strong></span> <span class='ocrx_word' id='word_1_65' title='bbox 466 1581 535 1645; x_wconf 88' lang='lat' dir='ltr'><strong>fieri</strong></span> <span class='ocrx_word' id='word_1_66' title='bbox 564 1604 658 1666; x_wconf 90' lang='lat' dir='ltr'><strong>posse</strong></span> <span class='ocrx_word' id='word_1_67' title='bbox 681 1581 808 1645; x_wconf 85' lang='lat' dir='ltr'><strong>videtur</strong></span> <span class='ocrx_word' id='word_1_68' title='bbox 832 1580 1027 1674; x_wconf 29' lang='lat' dir='ltr'><strong>utneandem</strong></span> <span class='ocrx_word' id='word_1_69' title='bbox 1051 1602 1149 1665; x_wconf 86' lang='lat' dir='ltr'><strong>quam</strong></span> <span class='ocrx_word' id='word_1_70' title='bbox 1172 1580 1385 1664; x_wconf 88' lang='lat' dir='ltr'><strong>praecedens,</strong></span> 
     </span>
     <span class='ocr_line' id='line_1_11' title="bbox 232 1687 1386 1774; baseline 0.001 -22"><span class='ocrx_word' id='word_1_71' title='bbox 232 1690 322 1753; x_wconf 89' lang='lat' dir='ltr'><strong>nullo</strong></span> <span class='ocrx_word' id='word_1_72' title='bbox 355 1688 525 1754; x_wconf 86' lang='lat' dir='ltr'><strong>intervallo</strong></span> <span class='ocrx_word' id='word_1_73' title='bbox 559 1701 758 1774; x_wconf 88' lang='lat' dir='ltr'><strong>consequens</strong></span> <span class='ocrx_word' id='word_1_74' title='bbox 796 1688 1014 1772; x_wconf 83' lang='lat' dir='ltr'><strong>interpunctio</strong></span> <span class='ocrx_word' id='word_1_75' title='bbox 1047 1687 1112 1753; x_wconf 86' lang='lat' dir='ltr'><strong>vim</strong></span> <span class='ocrx_word' id='word_1_76' title='bbox 1147 1688 1284 1770; x_wconf 86' lang='lat' dir='ltr'><strong>habeat,</strong></span> <span class='ocrx_word' id='word_1_77' title='bbox 1319 1711 1386 1772; x_wconf 85' lang='lat' dir='ltr'><strong>qua</strong></span> 
     </span>
     <span class='ocr_line' id='line_1_12' title="bbox 234 1796 1387 1881; baseline -0.002 -21"><span class='ocrx_word' id='word_1_78' title='bbox 234 1799 363 1860; x_wconf 88' lang='lat' dir='ltr'><strong>tantum</strong></span> <span class='ocrx_word' id='word_1_79' title='bbox 394 1796 486 1860; x_wconf 88' lang='lat' dir='ltr'><strong>abest</strong></span> <span class='ocrx_word' id='word_1_80' title='bbox 516 1801 552 1860; x_wconf 90' lang='lat' dir='ltr'><strong>ut</strong></span> <span class='ocrx_word' id='word_1_81' title='bbox 581 1796 721 1860; x_wconf 86' lang='lat' dir='ltr'><strong>leniatur</strong></span> <span class='ocrx_word' id='word_1_82' title='bbox 752 1796 886 1861; x_wconf 86' lang='lat' dir='ltr'><strong>offensio</strong></span> <span class='ocrx_word' id='word_1_83' title='bbox 913 1796 1053 1881; x_wconf 80' lang='lat' dir='ltr'><strong>neglecti</strong></span> <span class='ocrx_word' id='word_1_84' title='bbox 1082 1799 1246 1878; x_wconf 89' lang='lat' dir='ltr'><strong>accentus,</strong></span> <span class='ocrx_word' id='word_1_85' title='bbox 1279 1818 1320 1858; x_wconf 89' lang='lat' dir='ltr'><strong>ea</strong></span> <span class='ocrx_word' id='word_1_86' title='bbox 1348 1800 1387 1859; x_wconf 89' lang='lat' dir='ltr'><strong>ut</strong></span> 
     </span>
    </p>
   </div>
   <div class='ocr_carea' id='block_1_6' title="bbox 125 1900 1387 2092">
    <p class='ocr_par' dir='ltr' id='par_1_6' title="bbox 125 1900 1387 2092">
     <span class='ocr_line' id='line_1_13' title="bbox 125 1900 1387 1988; baseline 0 -23"><span class='ocrx_word' id='word_1_87' title='bbox 125 1926 218 1966; x_wconf 87' lang='lat' dir='ltr'><strong>cox1x</strong></span> <span class='ocrx_word' id='word_1_88' title='bbox 236 1903 394 1967; x_wconf 88' lang='lat' dir='ltr'><strong>sentiatur</strong></span> <span class='ocrx_word' id='word_1_89' title='bbox 417 1903 531 1988; x_wconf 82' lang='lat' dir='ltr'><strong>magis.</strong></span> <span class='ocrx_word' id='word_1_90' title='bbox 567 1902 643 1967; x_wconf 92' lang='lat' dir='ltr'><strong>Non</strong></span> <span class='ocrx_word' id='word_1_91' title='bbox 665 1907 750 1967; x_wconf 90' lang='lat' dir='ltr'><strong>recte</strong></span> <span class='ocrx_word' id='word_1_92' title='bbox 774 1902 888 1986; x_wconf 83' lang='lat' dir='ltr'><strong>igitur,</strong></span> <span class='ocrx_word' id='word_1_93' title='bbox 912 1902 939 1966; x_wconf 89' lang='lat' dir='ltr'><strong>si</strong></span> <span class='ocrx_word' id='word_1_94' title='bbox 965 1902 1042 1986; x_wconf 92' lang='lat' dir='ltr'><strong>quid</strong></span> <span class='ocrx_word' id='word_1_95' title='bbox 1066 1902 1166 1986; x_wconf 87' lang='lat' dir='ltr'><strong>video,</strong></span> <span class='ocrx_word' id='word_1_96' title='bbox 1190 1902 1224 1966; x_wconf 90' lang='lat' dir='ltr'><strong>in</strong></span> <span class='ocrx_word' id='word_1_97' title='bbox 1248 1900 1387 1967; x_wconf 88' lang='lat' dir='ltr'><strong>Bacchi·</strong></span> 
     </span>
     <span class='ocr_line' id='line_1_14' title="bbox 234 2008 826 2092; baseline -0.002 -19"><span class='ocrx_word' id='word_1_98' title='bbox 234 2008 328 2074; x_wconf 90' lang='lat' dir='ltr'><strong>dibus</strong></span> <span class='ocrx_word' id='word_1_99' title='bbox 352 2032 385 2074; x_wconf 90' lang='lat' dir='ltr'><strong>se</strong></span> <span class='ocrx_word' id='word_1_100' title='bbox 408 2008 508 2075; x_wconf 89' lang='lat' dir='ltr'><strong>habet</strong></span> <span class='ocrx_word' id='word_1_101' title='bbox 532 2034 560 2075; x_wconf 84' lang='lat' dir='ltr'><strong>v.</strong></span> <span class='ocrx_word' id='word_1_102' title='bbox 588 2012 670 2076; x_wconf 79' lang='lat'>1026</span> <span class='ocrx_word' id='word_1_103' title='bbox 696 2009 826 2092; x_wconf 83' lang='lat'>[1065]:</span> 
     </span>
    </p>
   </div>
   <div class='ocr_carea' id='block_1_7' title="bbox 323 2135 1313 2238">
    <p class='ocr_par' dir='ltr' id='par_1_7' title="bbox 323 2135 1313 2238">
     <span class='ocr_line' id='line_1_15' title="bbox 323 2135 1313 2238; baseline 0.001 -23"><span class='ocrx_word' id='word_1_104' title='bbox 323 2150 384 2216; x_wconf 87' lang='lat' dir='ltr'><strong>Vel</strong></span> <span class='ocrx_word' id='word_1_105' title='bbox 408 2152 449 2216; x_wconf 88' lang='lat' dir='ltr'><strong>da</strong></span> <span class='ocrx_word' id='word_1_106' title='bbox 472 2153 612 2237; x_wconf 75' lang='lat' dir='ltr'><strong>aliquem</strong></span> <span class='ocrx_word' id='word_1_107' title='bbox 636 2153 691 2238; x_wconf 92' lang='lat' dir='ltr'><strong>qui</strong></span> <span class='ocrx_word' id='word_1_108' title='bbox 714 2135 813 2217; x_wconf 66' lang='lat' dir='ltr'><strong>sonet</strong></span> <span class='ocrx_word' id='word_1_109' title='bbox 834 2173 894 2216; x_wconf 87' lang='lat' dir='ltr'><strong>me.</strong></span> <span class='ocrx_word' id='word_1_110' title='bbox 920 2152 977 2218; x_wconf 92' lang='lat' dir='ltr'><strong>NI.</strong></span> <span class='ocrx_word' id='word_1_111' title='bbox 1001 2152 1062 2217; x_wconf 89' lang='lat' dir='ltr'><strong>ohe</strong></span> <span class='ocrx_word' id='word_1_112' title='bbox 1086 2153 1195 2217; x_wconf 76' lang='lat' dir='ltr'><strong>odiose</strong></span> <span class='ocrx_word' id='word_1_113' title='bbox 1219 2150 1313 2235; x_wconf 87' lang='lat' dir='ltr'><strong>facis,</strong></span> 
     </span>
    </p>
   </div>
   <div class='ocr_carea' id='block_1_8' title="bbox 236 2295 1391 2683">
    <p class='ocr_par' dir='ltr' id='par_1_8' title="bbox 236 2295 1391 2683">
     <span class='ocr_line' id='line_1_16' title="bbox 236 2295 1389 2382; baseline 0 -23"><span class='ocrx_word' id='word_1_114' title='bbox 236 2295 288 2359; x_wconf 91' lang='lat' dir='ltr'><strong>oui</strong></span> <span class='ocrx_word' id='word_1_115' title='bbox 311 2317 350 2358; x_wconf 90' lang='lat' dir='ltr'><strong>ue</strong></span> <span class='ocrx_word' id='word_1_116' title='bbox 375 2295 415 2359; x_wconf 88' lang='lat' dir='ltr'><strong>ab</strong></span> <span class='ocrx_word' id='word_1_117' title='bbox 436 2295 545 2380; x_wconf 88' lang='lat' dir='ltr'><strong>aliqua</strong></span> <span class='ocrx_word' id='word_1_118' title='bbox 564 2302 714 2361; x_wconf 88' lang='lat' dir='ltr'><strong>accentus</strong></span> <span class='ocrx_word' id='word_1_119' title='bbox 735 2297 846 2361; x_wconf 90' lang='lat' dir='ltr'><strong>euclisi</strong></span> <span class='ocrx_word' id='word_1_120' title='bbox 866 2297 995 2382; x_wconf 88' lang='lat' dir='ltr'><strong>quidem</strong></span> <span class='ocrx_word' id='word_1_121' title='bbox 1015 2295 1212 2381; x_wconf 87' lang='lat' dir='ltr'><strong>praesidium</strong></span> <span class='ocrx_word' id='word_1_122' title='bbox 1232 2298 1389 2377; x_wconf 88' lang='lat' dir='ltr'><strong>paratum</strong></span> 
     </span>
     <span class='ocr_line' id='line_1_17' title="bbox 237 2400 1388 2487; baseline -0.001 -21"><span class='ocrx_word' id='word_1_123' title='bbox 237 2424 307 2466; x_wconf 89' lang='lat' dir='ltr'><strong>esse</strong></span> <span class='ocrx_word' id='word_1_124' title='bbox 331 2403 553 2467; x_wconf 89' lang='lat' dir='ltr'><strong>concesserim.</strong></span> <span class='ocrx_word' id='word_1_125' title='bbox 600 2403 805 2487; x_wconf 83' lang='lat' dir='ltr'><strong>Quapropter</strong></span> <span class='ocrx_word' id='word_1_126' title='bbox 833 2407 961 2468; x_wconf 81' lang='lat' dir='ltr'><strong>servato</strong></span> <span class='ocrx_word' id='word_1_127' title='bbox 990 2403 1161 2466; x_wconf 88' lang='lat' dir='ltr'><strong>verborum</strong></span> <span class='ocrx_word' id='word_1_128' title='bbox 1189 2400 1304 2466; x_wconf 91' lang='lat' dir='ltr'><strong>ordine</strong></span> <span class='ocrx_word' id='word_1_129' title='bbox 1329 2402 1388 2486; x_wconf 92' lang='lat' dir='ltr'><strong>qui</strong></span> 
     </span>
     <span class='ocr_line' id='line_1_18' title="bbox 236 2508 1391 2594; baseline 0 -20"><span class='ocrx_word' id='word_1_130' title='bbox 236 2511 269 2574; x_wconf 90' lang='lat' dir='ltr'><strong>in</strong></span> <span class='ocrx_word' id='word_1_131' title='bbox 293 2510 327 2574; x_wconf 90' lang='lat' dir='ltr'><em>B</em></span> <span class='ocrx_word' id='word_1_132' title='bbox 350 2513 408 2587; x_wconf 86' lang='lat' dir='ltr'><strong>est,</strong></span> <span class='ocrx_word' id='word_1_133' title='bbox 432 2509 533 2574; x_wconf 87' lang='lat' dir='ltr'><strong>eiecto</strong></span> <span class='ocrx_word' id='word_1_134' title='bbox 558 2513 675 2592; x_wconf 89' lang='lat' dir='ltr'><strong>autem,</strong></span> <span class='ocrx_word' id='word_1_135' title='bbox 699 2510 824 2594; x_wconf 90' lang='lat' dir='ltr'><strong>quode</strong></span> <span class='ocrx_word' id='word_1_136' title='bbox 848 2509 1014 2594; x_wconf 86' lang='lat' dir='ltr'><strong>proximae</strong></span> <span class='ocrx_word' id='word_1_137' title='bbox 1038 2508 1126 2574; x_wconf 89' lang='lat' dir='ltr'><strong>vocis</strong></span> <span class='ocrx_word' id='word_1_138' title='bbox 1145 2508 1240 2573; x_wconf 88' lang='lat' dir='ltr'><strong>initio</strong></span> <span class='ocrx_word' id='word_1_139' title='bbox 1260 2513 1391 2587; x_wconf 87' lang='lat' dir='ltr'><strong>natum,</strong></span> 
     </span>
     <span class='ocr_line' id='line_1_19' title="bbox 236 2617 498 2683; baseline -0.011 0"><span class='ocrx_word' id='word_1_140' title='bbox 236 2618 289 2683; x_wconf 77' lang='lat' dir='ltr'><strong>ohe</strong></span> <span class='ocrx_word' id='word_1_141' title='bbox 312 2618 358 2682; x_wconf 90' lang='lat' dir='ltr'><strong>sic</strong></span> <span class='ocrx_word' id='word_1_142' title='bbox 381 2617 498 2682; x_wconf 87' lang='lat' dir='ltr'><strong>scribe:</strong></span> 
     </span>
    </p>
   </div>
   <div class='ocr_carea' id='block_1_9' title="bbox 327 2758 1240 2844">
    <p class='ocr_par' dir='ltr' id='par_1_9' title="bbox 327 2758 1240 2844">
     <span class='ocr_line' id='line_1_20' title="bbox 327 2758 1240 2844; baseline -0.002 -19"><span class='ocrx_word' id='word_1_143' title='bbox 327 2759 387 2825; x_wconf 91' lang='lat' dir='ltr'><strong>Vel</strong></span> <span class='ocrx_word' id='word_1_144' title='bbox 411 2759 452 2823; x_wconf 85' lang='lat' dir='ltr'><strong>da</strong></span> <span class='ocrx_word' id='word_1_145' title='bbox 475 2760 616 2843; x_wconf 71' lang='lat' dir='ltr'><strong>aliquem</strong></span> <span class='ocrx_word' id='word_1_146' title='bbox 639 2760 694 2844; x_wconf 90' lang='lat' dir='ltr'><strong>qui</strong></span> <span class='ocrx_word' id='word_1_147' title='bbox 717 2782 769 2824; x_wconf 91' lang='lat' dir='ltr'><strong>me</strong></span> <span class='ocrx_word' id='word_1_148' title='bbox 793 2761 909 2824; x_wconf 75' lang='lat' dir='ltr'><strong>seruet.</strong></span> <span class='ocrx_word' id='word_1_149' title='bbox 933 2758 990 2824; x_wconf 90' lang='lat' dir='ltr'><strong>NI.</strong></span> <span class='ocrx_word' id='word_1_150' title='bbox 1014 2759 1126 2824; x_wconf 76' lang='lat' dir='ltr'><strong>odiose</strong></span> <span class='ocrx_word' id='word_1_151' title='bbox 1148 2759 1240 2824; x_wconf 83' lang='lat' dir='ltr'><strong>facis.</strong></span> 
     </span>
    </p>
   </div>
   <div class='ocr_carea' id='block_1_10' title="bbox 238 2902 1390 3307">
    <p class='ocr_par' dir='ltr' id='par_1_10' title="bbox 238 2902 1390 3307">
     <span class='ocr_line' id='line_1_21' title="bbox 240 2902 1390 2987; baseline -0.001 -19"><span class='ocrx_word' id='word_1_152' title='bbox 240 2903 539 2987; x_wconf 83' lang='lat' dir='ltr'><strong>Anapaesticam</strong></span> <span class='ocrx_word' id='word_1_153' title='bbox 565 2908 672 2967; x_wconf 85' lang='lat' dir='ltr'><strong>autem</strong></span> <span class='ocrx_word' id='word_1_154' title='bbox 697 2905 731 2968; x_wconf 88' lang='lat' dir='ltr'><strong>in</strong></span> <span class='ocrx_word' id='word_1_155' title='bbox 754 2903 852 2967; x_wconf 88' lang='lat' dir='ltr'><strong>tertio</strong></span> <span class='ocrx_word' id='word_1_156' title='bbox 877 2902 955 2986; x_wconf 89' lang='lat' dir='ltr'><strong>pede</strong></span> <span class='ocrx_word' id='word_1_157' title='bbox 976 2925 1087 2967; x_wconf 85' lang='lat' dir='ltr'><strong>vocem</strong></span> <span class='ocrx_word' id='word_1_158' title='bbox 1105 2925 1145 2966; x_wconf 92' lang='lat' dir='ltr'><strong>ue</strong></span> <span class='ocrx_word' id='word_1_159' title='bbox 1164 2902 1390 2985; x_wconf 86' lang='lat' dir='ltr'><strong>interpunctio</strong></span> 
     </span>
     <span class='ocr_line' id='line_1_22' title="bbox 238 3006 1390 3094; baseline -0.002 -19"><span class='ocrx_word' id='word_1_160' title='bbox 238 3011 367 3094; x_wconf 89' lang='lat' dir='ltr'><strong>quidem</strong></span> <span class='ocrx_word' id='word_1_161' title='bbox 392 3010 472 3074; x_wconf 86' lang='lat' dir='ltr'><strong>satis</strong></span> <span class='ocrx_word' id='word_1_162' title='bbox 496 3032 664 3074; x_wconf 84' lang='lat' dir='ltr'><strong>excusasse</strong></span> <span class='ocrx_word' id='word_1_163' title='bbox 688 3009 816 3073; x_wconf 87' lang='lat' dir='ltr'><strong>videtur</strong></span> <span class='ocrx_word' id='word_1_164' title='bbox 839 3006 930 3094; x_wconf 86' lang='lat' dir='ltr'><strong>(num</strong></span> <span class='ocrx_word' id='word_1_165' title='bbox 950 3008 1037 3073; x_wconf 83' lang='lat' dir='ltr'><strong>Trin.</strong></span> <span class='ocrx_word' id='word_1_166' title='bbox 1060 3011 1121 3073; x_wconf 88' lang='grc'><strong>114</strong></span> <span class='ocrx_word' id='word_1_167' title='bbox 1139 3031 1204 3073; x_wconf 90' lang='lat' dir='ltr'><strong>nou</strong></span> <span class='ocrx_word' id='word_1_168' title='bbox 1229 3014 1309 3074; x_wconf 90' lang='lat' dir='ltr'><strong>suut</strong></span> <span class='ocrx_word' id='word_1_169' title='bbox 1327 3032 1390 3093; x_wconf 88' lang='lat' dir='ltr'><strong>pro</strong></span> 
     </span>
     <span class='ocr_line' id='line_1_23' title="bbox 239 3114 1389 3201; baseline 0 -21"><span class='ocrx_word' id='word_1_170' title='bbox 239 3140 313 3182; x_wconf 82' lang='lat' dir='ltr'><strong>vero</strong></span> <span class='ocrx_word' id='word_1_171' title='bbox 338 3122 515 3201; x_wconf 84' lang='lat' dir='ltr'><strong>anapaesto</strong></span> <span class='ocrx_word' id='word_1_172' title='bbox 538 3121 566 3181; x_wconf 82' lang='lat' dir='ltr'><strong>ct</strong></span> <span class='ocrx_word' id='word_1_173' title='bbox 588 3114 704 3201; x_wconf 49' lang='lat' dir='ltr'><strong>illelom:</strong></span> <span class='ocrx_word' id='word_1_174' title='bbox 733 3116 851 3180; x_wconf 92' lang='lat' dir='ltr'><strong>nedum</strong></span> <span class='ocrx_word' id='word_1_175' title='bbox 876 3120 912 3179; x_wconf 91' lang='lat' dir='ltr'><strong>ut</strong></span> <span class='ocrx_word' id='word_1_176' title='bbox 942 3115 1001 3179; x_wconf 91' lang='lat' dir='ltr'><strong>illa</strong></span> <span class='ocrx_word' id='word_1_177' title='bbox 1030 3117 1174 3199; x_wconf 81' lang='lat' dir='ltr'><strong>excipere</strong></span> <span class='ocrx_word' id='word_1_178' title='bbox 1203 3116 1282 3180; x_wconf 91' lang='lat' dir='ltr'><strong>item</strong></span> <span class='ocrx_word' id='word_1_179' title='bbox 1312 3139 1389 3180; x_wconf 86' lang='lat' dir='ltr'><strong>ana·</strong></span> 
     </span>
     <span class='ocr_line' id='line_1_24' title="bbox 241 3223 828 3307; baseline -0.003 -20"><span class='ocrx_word' id='word_1_180' title='bbox 241 3225 419 3307; x_wconf 85' lang='lat' dir='ltr'><strong>paesticam</strong></span> <span class='ocrx_word' id='word_1_181' title='bbox 442 3224 556 3307; x_wconf 86' lang='lat' dir='ltr'><strong>possit,</strong></span> <span class='ocrx_word' id='word_1_182' title='bbox 579 3228 615 3288; x_wconf 88' lang='lat' dir='ltr'><strong>ut</strong></span> <span class='ocrx_word' id='word_1_183' title='bbox 637 3223 726 3287; x_wconf 79' lang='lat' dir='ltr'><strong>Trin.</strong></span> <span class='ocrx_word' id='word_1_184' title='bbox 750 3223 828 3287; x_wconf 81' lang='lat'>594:</span> 
     </span>
    </p>
   </div>
   <div class='ocr_carea' id='block_1_11' title="bbox 329 3363 1154 3449">
    <p class='ocr_par' dir='ltr' id='par_1_11' title="bbox 329 3363 1154 3449">
     <span class='ocr_line' id='line_1_25' title="bbox 329 3363 1154 3449; baseline -0.001 -21"><span class='ocrx_word' id='word_1_185' title='bbox 329 3364 369 3429; x_wconf 89' lang='lat' dir='ltr'><strong>In</strong></span> <span class='ocrx_word' id='word_1_186' title='bbox 391 3365 562 3449; x_wconf 73' lang='lat' dir='ltr'><strong>orribipuo‘st</strong></span> <span class='ocrx_word' id='word_1_187' title='bbox 583 3366 677 3430; x_wconf 76' lang='lat' dir='ltr'><strong>etium</strong></span> <span class='ocrx_word' id='word_1_188' title='bbox 699 3363 831 3449; x_wconf 82' lang='lat' dir='ltr'><strong>nunc*),</strong></span> <span class='ocrx_word' id='word_1_189' title='bbox 855 3365 931 3449; x_wconf 89' lang='lat' dir='ltr'><strong>quid</strong></span> <span class='ocrx_word' id='word_1_190' title='bbox 956 3388 994 3430; x_wconf 85' lang='lat' dir='ltr'><strong>ea</strong></span> <span class='ocrx_word' id='word_1_191' title='bbox 1017 3367 1051 3428; x_wconf 77' lang='lat' dir='ltr'><strong>re</strong></span> <span class='ocrx_word' id='word_1_192' title='bbox 1075 3365 1154 3447; x_wconf 85' lang='lat' dir='ltr'><strong>fuat,</strong></span> 
     </span>
    </p>
   </div>
   <div class='ocr_carea' id='block_1_12' title="bbox 241 3506 1391 4234">
    <p class='ocr_par' dir='ltr' id='par_1_12' title="bbox 241 3506 1390 3679">
     <span class='ocr_line' id='line_1_26' title="bbox 242 3506 1390 3591; baseline -0.002 -19"><span class='ocrx_word' id='word_1_193' title='bbox 242 3509 297 3573; x_wconf 89' lang='lat' dir='ltr'><strong>ubi</strong></span> <span class='ocrx_word' id='word_1_194' title='bbox 325 3508 411 3573; x_wconf 88' lang='lat' dir='ltr'><strong>haud</strong></span> <span class='ocrx_word' id='word_1_195' title='bbox 440 3512 628 3572; x_wconf 86' lang='lat' dir='ltr'><strong>cunctanter</strong></span> <span class='ocrx_word' id='word_1_196' title='bbox 655 3507 931 3591; x_wconf 84' lang='lat' dir='ltr'><strong>transponendum</strong></span> <span class='ocrx_word' id='word_1_197' title='bbox 959 3511 1029 3571; x_wconf 84' lang='lat' dir='ltr'><strong>erat</strong></span> <span class='ocrx_word' id='word_1_198' title='bbox 1056 3507 1098 3570; x_wconf 84' lang='lat' dir='ltr'><strong>Iu</strong></span> <span class='ocrx_word' id='word_1_199' title='bbox 1125 3506 1268 3590; x_wconf 69' lang='lat' dir='ltr'><strong>unibipuo</strong></span> <span class='ocrx_word' id='word_1_200' title='bbox 1294 3508 1390 3570; x_wconf 79' lang='lat' dir='ltr'><strong>c‘tium</strong></span> 
     </span>
     <span class='ocr_line' id='line_1_27' title="bbox 241 3620 396 3679; baseline 0 -1"><span class='ocrx_word' id='word_1_201' title='bbox 241 3637 324 3679; x_wconf 66' lang='lat' dir='ltr'><strong>eculeo</strong></span> <span class='ocrx_word' id='word_1_202' title='bbox 346 3620 396 3679; x_wconf 81' lang='lat' dir='ltr'><strong>cst.</strong></span> 
     </span>
    </p>

    <p class='ocr_par' dir='ltr' id='par_1_13' title="bbox 244 3720 1391 4234">
     <span class='ocr_line' id='line_1_28' title="bbox 332 3720 1389 3806; baseline -0.001 -20"><span class='ocrx_word' id='word_1_203' title='bbox 332 3722 538 3806; x_wconf 83' lang='lat' dir='ltr'><strong>Consequens</strong></span> <span class='ocrx_word' id='word_1_204' title='bbox 560 3720 625 3785; x_wconf 84' lang='lat' dir='ltr'><strong>fuit</strong></span> <span class='ocrx_word' id='word_1_205' title='bbox 652 3725 689 3784; x_wconf 91' lang='lat' dir='ltr'><strong>ut</strong></span> <span class='ocrx_word' id='word_1_206' title='bbox 718 3721 816 3785; x_wconf 86' lang='lat' dir='ltr'><strong>etiam</strong></span> <span class='ocrx_word' id='word_1_207' title='bbox 845 3721 879 3784; x_wconf 90' lang='lat' dir='ltr'><strong>iu</strong></span> <span class='ocrx_word' id='word_1_208' title='bbox 911 3721 1040 3805; x_wconf 89' lang='lat' dir='ltr'><strong>priore</strong></span> <span class='ocrx_word' id='word_1_209' title='bbox 1074 3724 1181 3804; x_wconf 89' lang='lat' dir='ltr'><strong>parte</strong></span> <span class='ocrx_word' id='word_1_210' title='bbox 1216 3722 1389 3786; x_wconf 85' lang='lat' dir='ltr'><strong>senario-</strong></span> 
     </span>
     <span class='ocr_line' id='line_1_29' title="bbox 244 3827 1389 3913; baseline -0.001 -20"><span class='ocrx_word' id='word_1_211' title='bbox 244 3852 338 3911; x_wconf 89' lang='lat' dir='ltr'><strong>rum,</strong></span> <span class='ocrx_word' id='word_1_212' title='bbox 366 3851 448 3913; x_wconf 85' lang='lat' dir='ltr'><strong>quae</strong></span> <span class='ocrx_word' id='word_1_213' title='bbox 472 3832 632 3892; x_wconf 86' lang='lat' dir='ltr'><strong>estante</strong></span> <span class='ocrx_word' id='word_1_214' title='bbox 656 3849 866 3911; x_wconf 82' lang='lat' dir='ltr'><strong>caesuram,</strong></span> <span class='ocrx_word' id='word_1_215' title='bbox 894 3827 974 3892; x_wconf 92' lang='lat' dir='ltr'><strong>nihil</strong></span> <span class='ocrx_word' id='word_1_216' title='bbox 999 3827 1186 3891; x_wconf 89' lang='lat' dir='ltr'><strong>offensionis</strong></span> <span class='ocrx_word' id='word_1_217' title='bbox 1210 3827 1389 3893; x_wconf 80' lang='lat' dir='ltr'><strong>iambicum</strong></span> 
     </span>
     <span class='ocr_line' id='line_1_30' title="bbox 246 3933 1390 4020; baseline -0.001 -20"><span class='ocrx_word' id='word_1_218' title='bbox 246 3936 434 4002; x_wconf 88' lang='lat' dir='ltr'><strong>vocabulum</strong></span> <span class='ocrx_word' id='word_1_219' title='bbox 467 3935 518 3999; x_wconf 82' lang='lat' dir='ltr'><strong>rel</strong></span> <span class='ocrx_word' id='word_1_220' title='bbox 550 3935 585 3999; x_wconf 89' lang='lat' dir='ltr'><strong>in</strong></span> <span class='ocrx_word' id='word_1_221' title='bbox 617 3936 739 4020; x_wconf 88' lang='lat' dir='ltr'><strong>primo</strong></span> <span class='ocrx_word' id='word_1_222' title='bbox 773 3935 822 3999; x_wconf 89' lang='lat' dir='ltr'><strong>vel</strong></span> <span class='ocrx_word' id='word_1_223' title='bbox 856 3935 890 3998; x_wconf 91' lang='lat' dir='ltr'><strong>in</strong></span> <span class='ocrx_word' id='word_1_224' title='bbox 925 3935 1090 3999; x_wconf 89' lang='lat' dir='ltr'><strong>secundo</strong></span> <span class='ocrx_word' id='word_1_225' title='bbox 1123 3933 1215 4019; x_wconf 88' lang='lat' dir='ltr'><strong>pede</strong></span> <span class='ocrx_word' id='word_1_226' title='bbox 1243 3935 1390 4000; x_wconf 84' lang='lat' dir='ltr'><strong>haberet.</strong></span> 
     </span>
     <span class='ocr_line' id='line_1_31' title="bbox 245 4041 1390 4128; baseline -0.003 -20"><span class='ocrx_word' id='word_1_227' title='bbox 245 4043 367 4121; x_wconf 79' lang='lat' dir='ltr'><strong>Quodsi</strong></span> <span class='ocrx_word' id='word_1_228' title='bbox 394 4043 490 4128; x_wconf 84' lang='lat' dir='ltr'><strong>longe</strong></span> <span class='ocrx_word' id='word_1_229' title='bbox 519 4043 678 4127; x_wconf 81' lang='lat' dir='ltr'><strong>longeque</strong></span> <span class='ocrx_word' id='word_1_230' title='bbox 708 4042 810 4106; x_wconf 85' lang='lat' dir='ltr'><strong>rarius</strong></span> <span class='ocrx_word' id='word_1_231' title='bbox 839 4041 873 4106; x_wconf 90' lang='lat' dir='ltr'><strong>in</strong></span> <span class='ocrx_word' id='word_1_232' title='bbox 901 4041 1039 4107; x_wconf 89' lang='lat' dir='ltr'><strong>secundo</strong></span> <span class='ocrx_word' id='word_1_233' title='bbox 1069 4046 1132 4123; x_wconf 86' lang='lat' dir='ltr'><strong>cst,</strong></span> <span class='ocrx_word' id='word_1_234' title='bbox 1159 4041 1228 4105; x_wconf 91' lang='lat' dir='ltr'><strong>eius</strong></span> <span class='ocrx_word' id='word_1_235' title='bbox 1252 4041 1300 4104; x_wconf 88' lang='lat' dir='ltr'><strong>rei</strong></span> <span class='ocrx_word' id='word_1_236' title='bbox 1324 4064 1390 4105; x_wconf 91' lang='lat' dir='ltr'><strong>non</strong></span> 
     </span>
     <span class='ocr_line' id='line_1_32' title="bbox 245 4147 1391 4234; baseline -0.002 -20"><span class='ocrx_word' id='word_1_237' title='bbox 245 4155 295 4215; x_wconf 89' lang='lat' dir='ltr'><strong>est</strong></span> <span class='ocrx_word' id='word_1_238' title='bbox 318 4151 383 4214; x_wconf 84' lang='lat' dir='ltr'><strong>alia</strong></span> <span class='ocrx_word' id='word_1_239' title='bbox 406 4172 520 4215; x_wconf 88' lang='lat' dir='ltr'><strong>caussa</strong></span> <span class='ocrx_word' id='word_1_240' title='bbox 543 4150 604 4214; x_wconf 91' lang='lat' dir='ltr'><strong>nisi</strong></span> <span class='ocrx_word' id='word_1_241' title='bbox 629 4149 714 4234; x_wconf 93' lang='lat' dir='ltr'><strong>quod</strong></span> <span class='ocrx_word' id='word_1_242' title='bbox 739 4148 888 4213; x_wconf 92' lang='lat' dir='ltr'><strong>binorum</strong></span> <span class='ocrx_word' id='word_1_243' title='bbox 907 4149 1121 4213; x_wconf 84' lang='lat' dir='ltr'><strong>iambicorum</strong></span> <span class='ocrx_word' id='word_1_244' title='bbox 1140 4147 1391 4213; x_wconf 88' lang='lat' dir='ltr'><strong>continuitatem</strong></span> 
     </span>
    </p>
   </div>
   <div class='ocr_carea' id='block_1_13' title="bbox 248 4395 1394 4556">
    <p class='ocr_par' dir='ltr' id='par_1_14' title="bbox 248 4395 1394 4556">
     <span class='ocr_line' id='line_1_33' title="bbox 353 4395 1394 4467; baseline 0 -18"><span class='ocrx_word' id='word_1_245' title='bbox 353 4398 378 4464; x_wconf 81' lang='lat'><strong>*)</strong></span> <span class='ocrx_word' id='word_1_246' title='bbox 399 4398 443 4467; x_wconf 89' lang='lat' dir='ltr'><strong>[lu</strong></span> <span class='ocrx_word' id='word_1_247' title='bbox 462 4396 504 4453; x_wconf 83' lang='lat' dir='ltr'><strong>ed.</strong></span> <span class='ocrx_word' id='word_1_248' title='bbox 524 4397 572 4450; x_wconf 86' lang='lat' dir='ltr'><strong>alt.</strong></span> <span class='ocrx_word' id='word_1_249' title='bbox 592 4397 644 4450; x_wconf 89' lang='lat' dir='ltr'><strong>hoo</strong></span> <span class='ocrx_word' id='word_1_250' title='bbox 663 4395 779 4464; x_wconf 87' lang='lat' dir='ltr'><strong>reliquit</strong></span> <span class='ocrx_word' id='word_1_251' title='bbox 797 4395 967 4450; x_wconf 87' lang='lat' dir='ltr'><strong>Ritsohelius</strong></span> <span class='ocrx_word' id='word_1_252' title='bbox 985 4395 1091 4449; x_wconf 86' lang='lat' dir='ltr'><strong>addens</strong></span> <span class='ocrx_word' id='word_1_253' title='bbox 1109 4410 1159 4464; x_wconf 89' lang='lat' dir='ltr'><strong>pro</strong></span> <span class='ocrx_word' id='word_1_254' title='bbox 1178 4412 1233 4450; x_wconf 92' lang='lat' dir='ltr'><strong>uno</strong></span> <span class='ocrx_word' id='word_1_255' title='bbox 1254 4396 1394 4450; x_wconf 80' lang='lat' dir='ltr'><strong>vocabulo</strong></span> 
     </span>
     <span class='ocr_line' id='line_1_34' title="bbox 248 4482 1394 4556; baseline 0.003 -19"><span class='ocrx_word' id='word_1_256' title='bbox 248 4501 308 4538; x_wconf 89' lang='lat' dir='ltr'><strong>esse</strong></span> <span class='ocrx_word' id='word_1_257' title='bbox 327 4485 408 4539; x_wconf 78' lang='lat' dir='ltr'><strong>etiam</strong></span> <span class='ocrx_word' id='word_1_258' title='bbox 427 4502 511 4552; x_wconf 82' lang='lat' dir='ltr'><strong>nuuc,</strong></span> <span class='ocrx_word' id='word_1_259' title='bbox 531 4489 562 4539; x_wconf 90' lang='lat' dir='ltr'><strong>ut</strong></span> <span class='ocrx_word' id='word_1_260' title='bbox 576 4486 732 4552; x_wconf 82' lang='lat' dir='ltr'><strong>etiamnum,</strong></span> <span class='ocrx_word' id='word_1_261' title='bbox 751 4485 826 4553; x_wconf 87' lang='lat' dir='ltr'><strong>quod</strong></span> <span class='ocrx_word' id='word_1_262' title='bbox 840 4484 931 4553; x_wconf 79' lang='lat' dir='ltr'><strong>iprum</strong></span> <span class='ocrx_word' id='word_1_263' title='bbox 946 4483 1064 4539; x_wconf 79' lang='lat' dir='ltr'><strong>fortusse</strong></span> <span class='ocrx_word' id='word_1_264' title='bbox 1078 4482 1283 4538; x_wconf 84' lang='lat' dir='ltr'><strong>restituendum</strong></span> <span class='ocrx_word' id='word_1_265' title='bbox 1296 4487 1394 4556; x_wconf 79' lang='lat' dir='ltr'><strong>esset]</strong></span> 
     </span>
    </p>
   </div>
   <div class='ocr_carea' id='block_1_14' title="bbox 0 0 1518 5010">
    <p class='ocr_par' dir='ltr' id='par_1_15' title="bbox 0 0 1518 5010">
     <span class='ocr_line' id='line_1_35' title="bbox 0 0 1518 5010; baseline 0 0"><span class='ocrx_word' id='word_1_266' title='bbox 0 0 1518 5010; x_wconf 95' lang='lat' dir='ltr'><strong> </strong></span> 
     </span>
    </p>
   </div>
  </div>
 </body>
</html>
