2992 5004
214 313 279 376 318
503 329 763 377 Puouaoounua
787 331 833 376 on
858 330 1067 379 ulammaus

213 476 358 537 veterum
381 476 552 555 poetarum
575 474 750 539 latinorum
774 474 969 539 tractatione
992 475 1188 555 continetur,
1216 473 1301 539 ratio
1332 478 1367 538 et

122 595 203 634 cvm
217 580 372 664 condicio,
395 584 441 663 ut,
466 581 522 664 qui
546 603 660 665 sapere
684 584 741 645 aut
763 581 848 645 nolit
871 585 930 646 aut
952 584 1087 646 naturae
1110 581 1190 647 vitio
1214 586 1365 666 nequeat,

214 687 414 774 ignorandus
448 687 504 771 sit,
537 689 650 772 procul
683 687 861 772 abdomine,
893 688 1113 755 abstinendus.
1159 687 1220 753 Illo
1255 692 1364 753 auum

214 818 278 880 quo
305 795 372 860 dixi
401 795 538 860 consilio
568 816 641 860 cum
670 817 747 879 prae
774 796 889 861 ceteris
917 796 1080 860 videretur
1106 794 1168 859 hoc
1201 793 1364 878 agendum

214 925 293 985 esse,
318 906 354 967 ut
371 902 444 986 ipsa
462 901 562 966 verba
580 905 695 985 poetae
714 902 754 967 ad
774 903 870 968 fidem
889 903 1047 968 librorum
1067 906 1180 967 exacta
1198 905 1231 965 et
1249 902 1366 968 critica

214 1010 417 1095 supellectile
444 1010 605 1074 instructa
632 1032 729 1094 quam
759 1010 971 1094 plurimorum
999 1009 1148 1075 manibus
1177 1030 1276 1094 quam
1299 1010 1365 1092 pri-

214 1140 304 1182 mum
326 1116 543 1199 traderentur,
571 1116 658 1180 haud
682 1118 748 1182 scio
773 1139 815 1182 an
838 1116 1019 1182 laudandus
1041 1117 1151 1201 potius
1174 1139 1272 1202 quam
1295 1118 1363 1181 cul·

215 1223 340 1308 pandus
359 1223 480 1306 videar,
503 1224 589 1309 quod
613 1246 722 1290 morae
745 1225 920 1309 impatiens
943 1247 1029 1290 nune
1048 1225 1177 1309 quidem
1196 1246 1216 1288 a
1234 1246 1363 1291 caussa·

214 1353 285 1396 rum
314 1330 515 1414 expositione
546 1332 655 1415 paullo
684 1332 848 1415 uberiore,
875 1354 939 1417 qua
966 1332 1128 1398 rationem
1151 1331 1318 1396 redderem
1342 1355 1362 1396 a

214 1460 266 1502 me
289 1439 341 1502 vel
364 1443 566 1522 receptorum
590 1441 640 1504 vel
664 1441 922 1525 reprobatorum,
943 1462 1010 1506 non
1033 1441 1103 1506 sine
1122 1439 1231 1526 aliquo
1252 1438 1363 1505 dolore

214 1566 265 1608 me
294 1545 453 1611 abstinui:
486 1568 551 1611 non
579 1547 754 1631 desperans
782 1552 894 1613 tamen
921 1547 959 1612 de
987 1548 1082 1613 iustis
1111 1548 1362 1630 commentariis,
1392 1568 1400 1578 ·

214 1675 287 1716 cum
314 1653 418 1737 ipsam
448 1655 617 1734 διόρθωειν
645 1654 830 1738 absolvero,
858 1654 935 1720 olim
965 1654 1111 1739 edendis,
1145 1655 1172 1719 si
1199 1676 1258 1739 per
1285 1659 1364 1719 tem-

214 1763 358 1843 pestates
386 1762 512 1826 licuerit
539 1783 599 1826 nec
627 1759 783 1825 desierint
809 1760 890 1826 haec
918 1761 1028 1826 studia
1051 1761 1159 1845 aliquo
1183 1761 1217 1825 in
1241 1761 1363 1827 honore

216 1890 295 1933 esse.
340 1867 412 1933 Hoc
433 1871 543 1934 tamen
572 1868 677 1953 magis
701 1868 794 1932 video
822 1868 902 1932 mihi
927 1869 966 1934 de
989 1868 1192 1953 gravissimis
1215 1869 1364 1951 partibus

215 1976 450 2040 emendationis
469 1975 640 2040 Plautinae
662 1975 724 2040 hoc
748 1976 818 2041 loco
838 1976 1018 2060 generatim
1037 1975 1261 2060 exponendum
1281 1998 1361 2041 esse.

692 2242 806 2291 csevn
830 2224 886 2290 Vl.

305 2367 458 2432 Omnium
483 2373 591 2434 autem
616 2369 756 2452 primum
781 2368 957 2435 curandum
977 2373 1036 2452 est,
1059 2373 1096 2434 ut
1114 2369 1154 2433 de
1177 2368 1365 2434 11114111-

216 2475 389 2540 brosiani
414 2476 499 2559 libri,
522 2476 624 2561 deque
647 2476 772 2541 ratione
795 2498 877 2561 quae
902 2475 988 2541 inter
1010 2475 1096 2540 hunc
1121 2479 1154 2540 et
1172 2473 1363 2562 Calliopii

216 2583 479 2648 recensionem
503 2581 630 2669 (licebit
648 2584 734 2649 enim
752 2584 814 2649 hoc
832 2583 962 2649 nomine
981 2583 1043 2670 uti)
1062 2583 1251 2668 intercedat,
1273 2591 1360 2650 recte

216 2690 388 2755 sentiatur:
413 2690 446 2754 in
470 2712 533 2775 quo
556 2712 623 2754 non
646 2690 754 2755 minus
776 2691 857 2756 illud
881 2691 1068 2773 cavendum,
1090 2712 1131 2754 ne
1149 2691 1236 2756 iusto
1260 2691 1363 2775 pluris

216 2797 302 2861 illius
326 2798 566 2882 auctoritatem,
594 2819 691 2882 quam
718 2820 758 2862 ne
782 2797 868 2863 iusto
892 2797 1026 2863 minoris
1049 2794 1198 2883 facias.*)
1244 2797 1291 2861 Et
1314 2819 1366 2862 co·

216 2904 320 2971 dicem
342 2905 472 2992 quidem
496 2907 603 2991 ipsum
625 2905 789 2971 neminem
813 2905 908 2970 facile
931 2905 1017 2991 fugit
1038 2927 1105 2970 non
1129 2926 1200 2969 esse
1224 2927 1263 2969 ea
1286 2926 1364 2969 cura

216 3018 380 3097 paratum,
417 3017 453 3078 ut
483 3035 549 3078 non
582 3013 687 3077 multa
719 3013 803 3077 inter
840 3012 1045 3077 scribendum
1083 3011 1307 3095 imprudenter
1344 3035 1363 3076 a

216 3120 350 3185 librario
374 3125 507 3206 peccata
530 3121 607 3186 sint:
635 3114 725 3185 velut
748 3143 821 3186 cum
844 3121 877 3185 in
901 3121 972 3206 ipso
996 3118 1154 3204 principio
1179 3117 1362 3183 Trinummi

215 3249 309 3292 versu
336 3229 376 3292 10
399 3230 598 3314 transposito
622 3251 651 3292 v.
670 3228 690 3291 8
715 3232 748 3292 et
771 3228 791 3292 9
815 3229 850 3292 in
873 3250 973 3292 unum
997 3227 1172 3310 contraxit,
1190 3227 1250 3301 ,vel
1271 3250 1299 3292 v..
1322 3228 1361 3291 17

216 3352 367 3400 uouonrs
391 3336 501 3420 posuit
524 3359 583 3420 pro
607 3353 718 3419 corus,
741 3337 794 3401 vel
817 3354 942 3402 111111
966 3356 1024 3419 pro
1048 3352 1179 3400 1101111
1203 3357 1231 3398 v.
1256 3335 1308 3417 97,
1331 3351 1362 3398 s1

216 3442 327 3508 omisit
346 3467 374 3507 v.
388 3444 441 3526 46,
461 3462 506 3507 nn
526 3464 585 3527 pro
604 3462 648 3508 uu
668 3443 799 3528 scripsit
818 3466 845 3507 1.
865 3443 917 3526 61,
936 3460 1086 3509 naseam
1105 3465 1164 3526 pro
1184 3457 1362 3506 nasonem

217 3571 245 3615 v.
267 3551 339 3634 181,
363 3544 563 3617 cacconem
587 3573 646 3634 pro
669 3568 851 3616 Pnuuoasn
875 3574 902 3614 v.
925 3551 996 3634 183,
1020 3566 1220 3615 mmscrcoa
1239 3572 1268 3613 v.
1287 3548 1363 3633 224,

216 3675 377 3735 oumusm
392 3657 661 3741 2811111111
677 3680 734 3741 pro
749 3658 1362 3741 1110101111309,(101111111111111111

216 3764 294 3848 314,
317 3783 432 3831 uocas
451 3786 510 3849 pro
530 3782 646 3830 coras
667 3766 742 3848 474,
765 3781 872 3830 naurs
892 3786 951 3848 pro
970 3780 1076 3828 111111
1095 3762 1170 3846 475,
1190 3778 1363 3840 quiscum-

216 3889 312 3949 ouau
347 3872 422 3954 519,
453 3887 990 3949 cunicarnaqunouamnurouan
1022 3893 1081 3955 pro
1113 3889 1261 3951 umquam
1292 3869 1364 3950 fieri

215 4001 309 4061 neque
332 3980 422 4062 quati
450 3980 496 4042 tui
523 3979 603 4062 521,
631 3995 927 4042 11110111111111
956 3978 1035 4061 648,
1067 3994 1191 4042 ornam
1221 3975 1298 4059 744,
1329 3981 1363 4040 et

215 4108 297 4170 quae
326 4091 402 4150 sunt
430 4084 551 4149 similia
578 4085 711 4149 minime
738 4107 851 4169 pauca.
897 4083 967 4161 Quo
996 4084 1094 4149 etiam
1122 4106 1234 4148 eorum
1264 4105 1363 4169 quae·

215 4191 289 4257 dam
320 4191 488 4258 referenda
515 4195 605 4275 sunt,
632 4213 713 4277 quae
742 4212 814 4257 cum
841 4190 935 4274 plene
957 4190 1023 4274 legi
1045 4193 1222 4275 nequeant,
1249 4192 1362 4255 tamen

216 4299 257 4363 ab
281 4300 452 4365 emendata
475 4300 636 4383 scriptura
659 4298 841 4383 discrepare
864 4319 1017 4362 numerus
1037 4297 1218 4381 spatiorum
1237 4296 1363 4382 doceat,

288 4473 316 4541 *l
337 4475 392 4543 [ef.
414 4430 514 4544 (lpusc.
534 4475 603 4543 phil.
622 4474 661 4527 lll
680 4492 706 4543 p.
728 4481 769 4528 19.
790 4475 862 4544 791]
