2940 5004
243 352 308 417 478
532 367 791 417 naonnconenl
815 369 862 416 nn
887 370 1098 418 simonisve

242 514 325 595 quid.
372 500 528 588 Qualibus
560 513 653 578 facile
684 516 880 599 perspicitur
911 537 967 580 cur
996 515 1144 598 eandem,
1167 537 1264 599 quam
1290 536 1396 599 supra

243 619 352 684 allatis
381 620 458 684 Hae
480 621 583 684 sonitu'
610 620 677 685 med
696 621 817 686 mereim
839 621 918 686 mibi
941 626 974 685 et
996 621 1085 685 Hue'c
1111 622 1182 686 oues
1208 621 1297 686 emtis
1327 642 1396 685 mo-

243 727 307 792 um
330 748 395 791 rem
419 725 478 811 (du
502 732 535 791 et
557 726 626 813 (ιβ),
650 729 893 793 excusationem
917 749 983 792 non
1007 726 1225 793 adhibeamus.
1263 726 1395 812 Quippe

242 834 305 899 hoc
328 834 463 898 interest
487 835 586 918 quod,
619 836 648 898 si
676 835 891 919 praemissum
917 834 983 898 sive
1006 833 1160 900 creticum
1185 833 1252 898 sive
1276 833 1395 897 cretici

243 942 381 1006 formam
401 942 554 1006 vicariam
573 941 785 1025 separaveris,
808 942 895 1006 omni
916 940 1093 1006 offensione
1113 963 1248 1006 vacuum
1268 941 1393 1005 senarii

243 1048 373 1112 initium
397 1047 555 1131 praebent
576 1048 652 1111 Meri
672 1047 792 1112 mereim
815 1047 894 1111 mibi
917 1051 950 1111 et
974 1048 1065 1113 Vobis
1086 1047 1204 1113 nudem
1226 1068 1300 1132 rem,
1324 1071 1392 1112 non

114 1210 118 1219 .
243 1156 401 1239 praebent
423 1154 562 1239 nqeue,
585 1147 685 1220 merlo
708 1155 784 1236 quid
805 1160 838 1219 et
859 1154 959 1232 Video',
973 1159 1089 1237 pernix
1105 1176 1187 1219 aem:
1210 1154 1244 1219 in
1269 1155 1391 1240 quibus

242 1263 295 1326 vix
319 1263 398 1327 satis
418 1263 510 1348 gravi
530 1263 798 1346 interpunctione,
823 1266 858 1327 ut
876 1264 910 1328 in
930 1263 1085 1347 exemplis
1106 1286 1135 1347 p.
1146 1280 1280 1327 ccxxnr
1294 1263 1390 1344 [458]

100 1393 227 1435 ccxnrn
242 1370 401 1454 tractatis,
424 1370 465 1433 ab
489 1374 664 1454 anapaesto
689 1370 850 1453 spondeus
874 1369 1044 1434 dirimitur.
1082 1368 1286 1454 Quamquam
1308 1368 1391 1433 haec

243 1476 372 1560 quidem
396 1476 556 1542 eiusmodi
579 1499 648 1541 esse
672 1476 891 1559 concedimus,
918 1480 968 1560 ut,
991 1461 1204 1562 posteaquam
1228 1477 1267 1542 de
1291 1477 1389 1561 longe

242 1583 390 1667 plurimis
419 1584 548 1649 licuerit
575 1590 628 1649 sat
654 1587 742 1648 certo
771 1587 803 1647 et
826 1583 1023 1648 confidenter
1047 1588 1205 1667 statuere,
1234 1583 1293 1647 illa
1316 1585 1392 1668 ipsa

242 1689 372 1755 demum
400 1691 557 1756 lubricam
587 1690 858 1756 existimationem
888 1690 1031 1755 habeant
1058 1694 1091 1754 et
1119 1691 1250 1755 dubiam
1275 1712 1389 1756 eorum

242 1797 364 1881 finium,
383 1820 464 1882 quos
484 1797 569 1863 ultra
588 1797 733 1881 citraque
752 1799 892 1881 nequeat
910 1797 1086 1861 consistere
1101 1800 1233 1882 rectum,
1253 1797 1388 1881 discrip-

242 1905 373 1969 tionem.
419 1905 573 1989 idemque
596 1905 670 1970 volo
695 1903 733 1968 de
756 1905 812 1968 illo
836 1926 930 1968 versu
954 1903 1075 1967 dictum
1100 1925 1179 1988 esse,
1202 1925 1296 1987 quem
1321 1905 1387 1969 iam

164 2026 167 2047 ·
240 2035 271 2094 p.
297 2029 449 2077 ccxxxvi
475 2012 567 2093 [469]
591 2010 700 2095 tetigi,
722 2010 810 2074 Trin.
830 2011 908 2075 661:

330 2153 462 2239 Perpeti
482 2156 621 2239 nequeo:
646 2153 742 2217 simul
765 2153 856 2238 piget
878 2157 994 2236 panim
1017 2153 1136 2237 pudere
1160 2158 1203 2218 te.

241 2295 327 2359 Nam
350 2319 422 2361 cum
441 2318 507 2361 non
526 2296 631 2380 possit
650 2319 727 2360 sane
745 2318 810 2360 non
829 2295 1065 2360 dubitationem
1085 2317 1213 2360 movere
1232 2302 1390 2380 quattuor

242 2406 460 2486 oxytonorum
493 2403 685 2488 cumulatio,
722 2409 833 2468 tamen
868 2402 1001 2468 difficile
1033 2402 1121 2467 dictu
1154 2408 1205 2468 est
1236 2405 1314 2488 quid
1349 2429 1388 2470 eo

241 2530 352 2593 versu,
376 2511 505 2593 qualem
530 2511 654 2576 codices
679 2511 844 2596 exhibent,
868 2510 1052 2575 faciendum
1075 2510 1131 2573 sit:

329 2652 460 2738 Perpeti
482 2676 618 2738 nequeo:
643 2654 739 2718 simul
764 2675 814 2717 me
838 2653 928 2739 piget
950 2675 1064 2736 parum
1088 2653 1208 2735 pudere
1231 2657 1277 2718 te:

166 2811 168 2815 ’
240 2794 352 2878 inquo
368 2798 528 2861 mordicus
542 2797 716 2863 tenendum
732 2802 795 2879 est,
809 2795 895 2881 quod
910 2819 939 2880 p.
951 2814 1111 2861 cxxxvlii
1127 2794 1219 2876 [385]
1226 2795 1259 2882 *)
1275 2796 1386 2862 docui—

240 2923 320 2986 mus,
346 2924 412 2968 non
434 2924 529 2987 posse
552 2901 611 2987 pro
635 2903 758 2967 duabus
779 2903 932 2967 brevibus
949 2905 1035 2986 pipet
1052 2925 1130 2967 esse.
1168 2901 1260 2966 Nihil
1284 2903 1387 2989 igitur

239 3009 389 3073 relictum
404 3032 474 3074 esse
492 3010 585 3074 video
603 3009 667 3073 nisi
681 3012 726 3091 ut,
741 3010 795 3093 qni
811 3010 982 3093 repetitam
998 3008 1202 3093 oxytonesim
1216 3008 1386 3075 ferendam

239 3137 308 3179 esse
336 3121 446 3202 neget,
481 3117 741 3201 monosyllabum
770 3117 865 3181 struat
889 3117 976 3181 vocis
1000 3116 1299 3199 pronuntiationem
1322 3116 1387 3181 huo

240 3223 395 3308 asciscat,
424 3246 505 3308 quae
537 3225 571 3287 in
602 3223 742 3287 medium
774 3224 1007 3307 septenarium.
1023 3222 1120 3286 etiam
1149 3221 1206 3287 illo
1236 3224 1385 3307 exemplo

240 3327 353 3393 incidit
376 3330 460 3414 quod
483 3354 513 3415 p.
538 3347 657 3395 cxnvn
681 3331 774 3411 [393]
799 3330 979 3394 attulimus.

329 3434 480 3502 Ceterum
505 3450 692 3521 paucarum,
713 3460 792 3520 quas
815 3458 880 3502 non
905 3436 1010 3520 attigi,
1032 3436 1211 3502 formarum
1237 3440 1385 3523 exempla

238 3545 272 3608 in
295 3543 368 3608 aliis
391 3543 512 3609 fabulis
537 3544 593 3609 alii
619 3549 789 3627 quaerant:
814 3565 958 3627 quarum,
974 3542 1002 3606 si
1025 3565 1124 3608 unam
1147 3545 1282 3610 etitem
1305 3546 1385 3610 alte·

238 3673 308 3714 ram
339 3672 449 3716 carere
480 3651 625 3734 exemplo
656 3650 856 3735 apparuerit,
889 3671 965 3714 casu
994 3648 1117 3715 factum
1145 3654 1275 3735 putato:
1307 3674 1384 3716 nam

238 3759 357 3824 rationi
381 3760 472 3824 nulla
494 3763 664 3844 repugnat.
1283 3744 1285 3747 ⁸

328 3884 390 3950 Sed
415 3885 555 3950 nondum
580 3886 739 3969 permensi
764 3907 874 3950 snmus
898 3885 1154 3969 septenariorum
1178 3883 1264 3948 initii
1282 3904 1384 3967 prope

238 3994 400 4057 infinitam
425 3992 625 4058 varietatem.
667 3992 806 4056 Restant
829 3993 915 4057 enim
939 4014 995 4057 eae
1018 3992 1152 4076 formae,
1175 4012 1258 4075 quae
1282 3991 1384 4055 conti·

237 4106 338 4166 nuato
361 4123 419 4185 per
441 4104 610 4182 utramque
634 4104 760 4184 partem
784 4122 847 4164 uno
871 4101 1029 4167 uocabulo
1054 4102 1197 4183 oxytono
1220 4097 1313 4162 finnt.
1356 4097 1384 4161 Ε

238 4229 301 4290 quo
326 4227 442 4291 genere
466 4205 526 4269 has
549 4207 674 4270 notavi:
704 4195 707 4200 ¹

684 4418 695 4455 ,
713 4424 717 4429 .

326 4488 352 4556 ⁸³)
372 4488 432 4557 [ubi
451 4487 515 4541 vide
533 4487 763 4556 annotationem]
