2992 5004
242 326 308 391 302
530 343 788 392 raounconnur
811 343 858 391 nn
883 341 1093 392 sarromsvs

242 489 354 570 posset
381 488 415 549 et
440 485 577 551 lacinias
605 487 714 570 potius
738 487 896 572 quasdam
920 509 1072 552 versuum
1095 507 1194 570 quam
1217 484 1390 549 verborum

243 593 492 658 continuitatem
520 598 670 660 servaret.
716 595 889 661 Praeterea
916 599 1025 660 autem
1054 593 1119 658 alio
1147 593 1274 657 invecto
1295 591 1390 656 fabu-

242 701 347 765 larum
371 701 484 766 ordine
506 701 537 767 h.
561 722 587 766 e.
612 724 650 767 eo
675 702 730 786 qui
753 723 840 767 nuuc
863 703 999 785 obtinet,
1021 699 1198 766 Bacchides
1222 699 1263 763 ab
1287 698 1390 763 Aulu-

242 808 343 873 lariae
367 808 521 873 societate
545 808 704 873 divulsam
728 810 914 894 postposuit
937 808 1086 893 Epidico:
1120 828 1185 891 quo
1208 806 1330 871 factum
1353 809 1393 869 ut

242 935 327 979 nunc
355 915 436 980 duae
464 915 600 981 lacunae
627 937 697 981 esse
720 916 906 1000 videantur,
938 938 1021 1001 quae
1044 937 1110 979 una
1133 913 1197 978 fuit
1220 912 1392 996 utriusque

243 1021 373 1087 fabulae
401 1024 590 1088 communis.
635 1023 797 1088 Pristinus
824 1025 911 1089 enim
939 1023 1032 1107 ordo,
1064 1043 1130 1087 nou
1153 1020 1259 1086 dicam
1282 1019 1389 1104 qualis

244 1129 350 1213 fuerit,
373 1130 428 1194 sed
453 1131 557 1214 qualis
581 1130 656 1216 fere,
681 1130 785 1196 conici
809 1153 848 1196 ex
870 1131 1088 1197 Ambrosiano
1112 1131 1230 1214 potest,
1253 1128 1308 1212 qui
1328 1127 1390 1192 hoc

243 1236 340 1322 longe
364 1237 491 1303 diverso
514 1238 689 1304 collocatas
713 1238 840 1303 habuit:
863 1241 929 1304 tres
953 1239 1083 1324 primas,
1107 1235 1293 1317 Bacchides,
1317 1256 1391 1298 cnm

244 1341 437 1409 Curculione
461 1341 630 1429 Captivos,
654 1342 808 1411 Casinam
831 1342 1049 1411 Cistellariam
1072 1343 1245 1429 Epidicum
1268 1340 1389 1407 Merca·

243 1453 347 1515 torem
370 1449 606 1517 Mostellariam
628 1451 768 1518 Militem
788 1453 965 1538 gloriosum
989 1450 1217 1517 Menaechmos
1241 1448 1391 1514 Trinum-

244 1580 333 1621 mum
356 1557 588 1625 Truculentum
606 1559 809 1626 Vidulariam
831 1559 1013 1624 Poenulum
1036 1559 1169 1624 Persam
1193 1556 1391 1623 Pseudulum

244 1665 425 1731 Rudentem
449 1664 608 1733 Stichum:
641 1691 736 1753 quem
766 1667 894 1753 quidem
923 1666 1067 1732 ordinem
1095 1666 1167 1731 falli
1190 1688 1256 1731 nou
1279 1664 1392 1729 videor

187 1796 228 1835 xa
244 1793 316 1836 cum
339 1773 387 1837 ita
409 1774 617 1859 interpretor,
639 1780 677 1840 ut
700 1798 766 1842 non
785 1776 947 1858 consulto,
970 1774 1025 1839 sed
1050 1774 1158 1859 aliquo
1183 1794 1260 1839 casu
1284 1772 1394 1856 singu·

244 1880 305 1944 lari
328 1884 396 1946 tres
417 1880 546 1947 fabulas
570 1885 730 1947 extremas
755 1882 980 1947 Trinummum
1003 1881 1233 1945 Truculentum
1256 1878 1390 1944 Vidula-

245 1987 327 2052 riam
357 1987 463 2052 dicam
493 1991 692 2074 superiorem
722 1991 756 2054 iu
786 1991 894 2055 locum
921 1988 1098 2073 irrepsisse.
1144 1988 1190 2052 Et
1212 1985 1391 2052 Bacchides

244 2093 375 2178 quidem
402 2096 488 2160 inter
515 2095 719 2161 Aululariam
748 2094 968 2182 captivosque
995 2096 1023 2161 is
1053 2116 1181 2181 quoque
1208 2094 1305 2178 legit,
1336 2093 1392 2176 qui

245 2223 309 2264 non
331 2201 457 2266 novicio
482 2204 611 2267 saeculo
636 2203 794 2287 excerptis
819 2203 973 2268 ePlauto
997 2201 1160 2268 adverbiis
1183 2202 1282 2267 breve
1305 2201 1393 2285 glos·

245 2309 368 2372 sarium
398 2309 478 2374 illud
508 2309 653 2374 condidit
662 2307 710 2396 *),
740 2310 831 2374 auius
862 2331 930 2393 cap.
952 2308 985 2373 ΙΙ
1013 2309 1211 2373 mentionem
1238 2307 1392 2372 fecimus:

245 2415 329 2498 quod
359 2437 422 2499 quo
452 2415 562 2480 libello
591 2415 762 2500 edidimus,
796 2417 829 2481 in
854 2438 891 2481 eo
915 2416 1021 2482 locum
1045 2415 1139 2480 illum
1162 2436 1305 2494 ornnem,
1337 2414 1393 2498 qui

246 2526 296 2586 est
319 2521 357 2585 de
381 2522 610 2587 collocatarum
634 2523 818 2587 fabularum
837 2522 948 2588 ordine
972 2524 1005 2587 in
1029 2523 1103 2587 aliis
1126 2522 1218 2587 libris
1242 2521 1316 2600 alic,
1339 2520 1392 2585 de-

246 2629 314 2693 dita
337 2651 436 2714 opera
458 2631 728 2713 pertractavimus
753 2630 884 2715 [Opusc.
907 2630 986 2715 phil.
1008 2629 1042 2694 II
1065 2654 1095 2715 p.
1119 2631 1183 2696 237
1200 2630 1291 2714 sqq.].
1328 2625 1394 2692 No

245 2758 322 2800 vum
345 2740 454 2801 autem
478 2738 622 2803 ordinem
645 2738 730 2822 quod
749 2739 814 2802 iarn
833 2738 912 2802 olim
932 2738 972 2802 ad
987 2734 1207 2802 Cannrorlvu
1225 2739 1392 2801 auctorem

246 2843 357 2908 rettuli
382 2844 604 2929 coniectando,
627 2845 661 2909 id
688 2853 773 2910 nunc
802 2846 897 2910 teneo
924 2843 986 2909 hac
1008 2842 1257 2909 ratiocinatione
1280 2841 1394 2927 fretus,

247 2952 331 3035 quod
355 2955 388 3017 et
410 2951 474 3017 fuit
496 2951 646 3037 Ca-lliopii
670 2952 813 3017 recensio
838 2951 995 3036 quaedam
1018 2950 1243 3016 Plautinarum
1267 2949 1393 3014 fabula-

246 3081 317 3123 rum
342 3063 375 3123 et
397 3082 436 3124 ex
459 3083 498 3126 ea
517 3061 590 3145 ipsa
608 3060 804 3143 recensione,
827 3059 892 3124 uisi
911 3058 1021 3125 omnia
1039 3058 1168 3142 fallunt,
1191 3057 1296 3122 nostri
1315 3056 1393 3121 libri

247 3188 322 3229 mss.
345 3167 515 3232 fluxerunt.
548 3165 648 3232 Cuius
672 3166 800 3250 quidem
825 3166 871 3230 rei
896 3167 958 3231 etsi
981 3165 1172 3231 memoriam
1191 3185 1208 3228 e
1227 3162 1393 3229 codicibus

246 3272 374 3337 circiter
404 3274 585 3359 nonaginta
616 3296 636 3337 a
666 3296 718 3339 me
748 3274 903 3358 inspectis
933 3296 1016 3338 unus
1047 3276 1174 3338 tantum
1204 3274 1393 3355 pertenuem

247 3380 396 3464 servavit,
419 3381 512 3465 isque
536 3381 622 3446 solas
647 3384 721 3446 octo
739 3381 868 3446 fabulas
888 3382 1011 3464 priores
1031 3379 1259 3464 complectens,
1281 3382 1394 3442 tamen

247 3485 326 3551 fides
349 3509 409 3552 uec
432 3509 502 3554 esse
525 3487 746 3553 addubitanda
769 3488 896 3554 videtur
917 3510 986 3573 uec,
1009 3489 1037 3553 si
1059 3487 1093 3552 id
1117 3487 1283 3572 sequimur
1305 3484 1392 3569 quod

335 3665 361 3733 ¹¹)
380 3665 447 3719 Eius
467 3666 547 3720 tauto
565 3664 657 3720 maior
675 3668 719 3719 est
736 3664 899 3734 auctoritas,
919 3663 994 3733 quod
1012 3681 1068 3719 non
1086 3664 1197 3718 tanturn
1216 3660 1393 3717 Vidulariam

245 3754 401 3825 usurpavit,
419 3753 469 3809 sed
488 3750 574 3809 etiam
593 3755 825 3825 Amphitruonem
845 3752 999 3809 Bacchides
1019 3754 1048 3809 et
1062 3750 1250 3808 Cistellariam
1268 3751 1393 3821 integras

246 3843 354 3898 habuit
388 3844 442 3909 Qui
461 3862 524 3900 cum
544 3844 630 3900 etiam
648 3843 677 3899 iu
696 3843 761 3899 aliis
779 3842 883 3899 fabulis
902 3843 1064 3914 selegerit,
1082 3857 1155 3912 quaa
1173 3841 1203 3895 in
1221 3838 1302 3895 1301)
1320 3839 1393 3894 desi-

246 3935 389 3989 derantur:
409 3938 476 4004 (quo
494 3934 587 4004 ipsum
604 3932 675 3988 illud
694 3935 809 3988 saeviter
826 3931 988 3987 rettulimus
1006 3949 1022 3986 e
1041 3930 1204 3986 Trinummo
1224 3944 1392 3985 commemo·

247 4026 363 4092 ratum)
382 4025 500 4095 apparet
514 4039 578 4078 eum
593 4021 680 4077 simili
693 4021 872 4077 Ambrosiam
891 4021 995 4090 codice,
1014 4020 1060 4076 vel
1078 4020 1191 4089 qualem
1210 4036 1228 4073 α
1247 4017 1394 4088 descripsi-

246 4133 321 4183 mus,
344 4132 425 4169 usum
447 4130 516 4169 esse.
555 4110 684 4167 Ceterum
709 4111 835 4166 ordinem
860 4109 1066 4166 comoediarum
1089 4126 1202 4179 prorsus
1221 4107 1393 4179 singularem

247 4206 290 4259 est
308 4205 430 4272 secutus,
448 4219 503 4272 qno
521 4201 588 4257 illae
606 4200 646 4255 sic
661 4217 720 4257 sese
735 4202 917 4269 exceperunt:
937 4198 1224 4255 AsinariaAulnlaria
1238 4196 1394 4253 Bacchides

247 4291 359 4362 Captivi
387 4290 488 4346 Casina
517 4288 677 4345 Cistellaria
704 4287 834 4344 Curculio
862 4286 996 4359 Epidicus
1019 4287 1195 4342 Menaechmi
1218 4285 1395 4342 Mostellaria

247 4381 433 4435 Truculentus
460 4380 638 4434 Trinummus
665 4378 806 4435 Poenulus
830 4377 976 4433 Vidularia
1003 4377 1117 4433 Budens
1145 4377 1227 4431 Miles
1255 4375 1396 4431 Mercator

248 4468 404 4524 Pseudulus
423 4468 510 4524 Persa
529 4467 641 4523 Stichus
659 4467 837 4538 Amphitruo.
