2910 5010
240 329 305 393 696
467 341 703 390 nararurscaa
728 327 946 407 aasentias,
970 341 1165 403 anuassaa,

242 510 262 552 a
285 486 380 550 nobis
404 485 668 569 pronuntiatione
692 485 889 570 compellari.
926 485 1101 550 Habuistis
1121 509 1183 551 ros
1203 509 1274 552 non
1296 488 1397 552 minus

242 615 339 678 quam
363 596 500 676 nosmet,
523 615 621 677 quam
644 593 729 658 cives
753 593 905 676 universi,
929 593 1014 677 qnod
1034 615 1167 658 summa
1188 595 1288 659 vobis
1308 594 1396 658 bene

242 701 315 766 ficia
343 699 668 784 congratularemini,
697 699 813 783 quibus
842 722 915 765 cum
942 700 1085 785 reliquas
1115 705 1233 784 partes
1257 701 1396 766 civitatis

242 813 314 873 tum
328 807 448 871 almam
464 807 547 871 hanc
561 807 745 871 litterarum
765 805 883 889 sedem,
907 807 996 871 cuius
1016 807 1096 872 adeo
1117 808 1274 872 conditor
1293 807 1396 872 extitit

242 913 499 997 liberalissimus,
517 911 527 998 ll
551 912 762 979 Farnnmcvs
787 913 991 980 Gvrnrennvs
1019 912 1068 978 III
1093 912 1101 988 ς’
1125 912 1201 978 Rex
1222 914 1395 1000 Angustis-

244 1022 346 1086 simus
371 1020 383 1105 ΙΙ
410 1020 587 1086 cumulavit
619 1025 752 1086 aeterna
782 1043 869 1086 nunc
900 1024 1037 1086 naturae
1067 1022 1272 1087 necessitate
1305 1023 1393 1086 nobis

244 1129 401 1213 vobisque
419 1131 558 1211 ereptus.
587 1126 648 1204 Qui
667 1131 880 1214 posteaquam
899 1127 1009 1193 divino
1028 1127 1188 1194 beneficio
1203 1150 1266 1213 per
1285 1151 1392 1195 novem

245 1236 344 1301 ferme
373 1235 493 1318 lustra,
522 1256 595 1299 raro
624 1236 708 1300 inter
738 1235 894 1300 mortales
922 1235 1084 1318 exemplo,
1113 1236 1320 1320 reipublicae
1341 1257 1394 1322 gu·

246 1342 420 1407 bernacula
447 1346 516 1406 tam
545 1345 578 1406 et
605 1341 736 1407 fortiter
759 1346 793 1406 et
816 1342 977 1426 sapienter
1005 1346 1039 1407 et
1061 1341 1243 1408 clementer
1268 1348 1302 1408 et
1324 1365 1392 1409 vero

147 1472 151 1478 ·
245 1449 383 1514 feliciter
406 1449 499 1533 rexit,
523 1453 559 1513 nt
581 1470 640 1514 nec
663 1448 696 1513 in
721 1450 865 1514 extrema
890 1449 1015 1535 patriae
1035 1449 1228 1514 calamitate
1248 1456 1391 1516 constan·

245 1558 326 1621 tiam
354 1577 413 1621 nec
440 1555 474 1620 in
503 1577 657 1640 prospera
686 1577 792 1619 rerum
817 1556 959 1620 omnium
984 1554 1119 1620 fortuna
1141 1558 1390 1642 temperantiam

246 1662 454 1745 desiderares,
476 1684 577 1746 prope
601 1683 841 1727 consummasse
865 1663 943 1728 boni
965 1663 1124 1748 principis
1148 1664 1332 1752 imaginem
1353 1665 1390 1729 ri·

248 1771 316 1835 deri
340 1773 457 1854 potest.
504 1769 594 1834 Talis
622 1770 709 1855 regis
738 1774 775 1834 nt
798 1770 885 1854 piam
909 1775 1103 1854 gratamque
1127 1773 1325 1838 memoriam
1346 1795 1391 1838 co

246 1878 336 1960 latis,
363 1899 429 1942 non
456 1877 535 1942 estis
563 1876 727 1960 monendi,
756 1877 1005 1943 commilitones:
1033 1878 1143 1963 exiget
1174 1881 1262 1944 enim
1291 1879 1390 1944 hoca

247 1985 339 2050 vobis
362 1988 469 2048 vester
492 1984 636 2068 ipsorum
660 1985 802 2050 affectus.
845 1984 907 2061 Qui
931 1985 1209 2071 quemadmodum
1233 1986 1330 2051 triste
1347 1984 1389 2047 de

248 2091 401 2155 siderium
425 2088 678 2156 Clementissimi
702 2090 802 2175 Regis
828 2091 895 2156 vita
925 2092 1019 2157 modo
1050 2092 1198 2158 defuncti
1231 2093 1389 2157 nobiscum

246 2198 507 2283 communicatis,
535 2199 582 2262 ita
611 2197 650 2261 ad
679 2219 737 2262 vos
761 2220 826 2263 non
851 2198 957 2263 minus
980 2221 1077 2283 qnam
1102 2200 1143 2264 ad
1168 2200 1316 2284 reliquos
1339 2198 1390 2263 Bo

246 2327 356 2370 russos
380 2305 540 2389 pertinere
565 2326 635 2368 eam
660 2306 913 2390 venerationem,
942 2309 1126 2389 caritatem,
1156 2306 1389 2371 oboedientiam

248 2411 500 2505 arbitrabimini,
514 2433 595 2495 quae
609 2410 675 2475 iam
689 2408 699 2497 ll
716 2410 799 2497 Regi
814 2412 1056 2496 Angustissimo
1076 2411 1085 2492 f
1104 2411 1306 2479 annluco
1321 2411 1390 2477 Gvr-

248 2535 366 2583 nanno
390 2516 455 2601 IIII
478 2516 486 2603 ll
510 2516 644 2581 debetur
671 2539 737 2583 non
765 2518 855 2603 regni
884 2522 1027 2603 tantum,
1055 2518 1112 2584 sed
1143 2520 1246 2584 etiam
1272 2519 1390 2585 virtutis

247 2630 402 2710 paternae
417 2627 451 2687 et
465 2623 585 2688 amoris
600 2624 767 2708 popularis
783 2623 902 2688 heredi.
930 2623 1030 2690 (luins
1045 2626 1229 2710 ingenium,
1243 2626 1390 2707 doctrina,

248 2731 513 2815 humanitasque
532 2730 672 2794 laetiora
690 2731 813 2814 sperari
833 2731 911 2815 ipsis
930 2731 1050 2795 litteris
1069 2733 1266 2818 artibusque
1281 2735 1391 2814 iubent,

252 2862 289 2905 eo
310 2838 415 2923 magis
439 2840 583 2902 vestrum
607 2858 677 2901 esse
700 2837 925 2901 intellexeritis
949 2858 1060 2920 preces
1084 2841 1118 2902 et
1141 2846 1222 2904 vota
1241 2864 1280 2905 ex
1300 2839 1390 2906 animi

201 2939 206 2945 ’
251 2947 412 3012 sententia
435 2944 539 3009 facere
563 2965 621 3027 pro
646 2945 750 3009 salute
774 2943 880 3008 Patris
904 2943 1043 3027 Patriae,
1065 2945 1115 3008 cui
1134 2944 1225 3011 Deus
1241 2948 1391 3031 Optumus

250 3052 420 3117 Maxumus
448 3050 530 3117 faxit
557 3051 604 3116 uti
632 3051 726 3115 bonis
755 3052 920 3116 ominibus
944 3056 1093 3135 suscepto
1122 3053 1265 3138 imperio
1295 3055 1391 3119 felicia

249 3161 358 3224 fausta
380 3159 548 3224 fortunata
570 3180 715 3244 quaeque
739 3159 898 3224 eveniant.
935 3157 1058 3224 Valete.

340 3264 405 3331 Ser.
429 3265 562 3331 Bonnae
586 3264 685 3330 v1111
713 3264 785 3330 Kal.
808 3265 866 3331 Iul.
891 3289 918 3331 a.
943 3282 1215 3334 c1o1occcxxxx.

717 3480 928 3490 ——-—-——-——

808 3623 838 3687 2.

146 3766 147 3770 ’
251 3763 456 3848 Anschlag
484 3764 548 3829 der
575 3764 727 3830 Bonner
750 3764 996 3830 Universitttt
1025 3765 1086 3829 bei
1116 3766 1201 3830 dem
1231 3769 1392 3852 preussi·

546 3871 661 3937 schen
685 3871 984 3938 Thronwechscl
1012 3873 1105 3937 1861.

341 4014 459 4079 ltector
483 4017 516 4078 et
539 4011 676 4079 Senatus
694 4014 705 4097 ΙΙ
725 4013 956 4080 Vniversitatis
974 4014 1167 4082 Fridericiae
1189 4018 1391 4100 Guilelmisa,l

251 4121 428 4186 Rhenanae
446 4121 457 4204 ΙΙ
475 4118 760 4185 Commilitonibus
777 4120 788 4202 11
806 4118 836 4185 S.

342 4228 413 4306 Quo
440 4250 526 4293 nunc
553 4229 642 4292 luctu
671 4228 864 4312 gravissimo
888 4229 996 4313 patria
1018 4230 1169 4294 universa
1194 4231 1318 4296 afflicta
1339 4234 1393 4310 est,

252 4336 321 4400 eius
341 4358 488 4401 caussam
510 4334 716 4420 praecipuam
735 4336 927 4422 intellegitis
947 4335 987 4400 ad
1005 4358 1065 4401 nos
1083 4359 1208 4421 vosque
1227 4339 1391 4421 pertinere,

253 4442 308 4525 qui
323 4442 486 4509 communi
501 4443 665 4508 consortio
685 4443 789 4508 almae
803 4441 1000 4510 Fridericiae
1015 4442 1207 4509 Guilelmiae
1222 4443 1390 4510 Rhenauae
