2940 5004
436 358 697 406 arrauosrrorus
722 359 926 406 raavrrsas.
1193 344 1257 408 489

114 504 182 568 eius
206 503 252 568 rei
278 504 365 567 latet.
412 501 497 567 Nam
522 503 582 566 his
606 502 771 585 exemplis,
795 502 949 585 quoniam
973 503 1172 586 primitivam
1192 505 1258 588 qui-

113 612 186 675 dem
215 610 400 695 prosodiam
426 611 478 674 illc
505 614 539 674 et
563 611 617 674 istc
640 630 732 674 voces
755 608 840 673 hanc
861 644 878 675 ,ι
898 650 917 676 o
945 609 1080 694 habent,
1104 633 1171 676 non
1192 652 1211 679 o
1228 639 1259 695 c,

115 718 223 801 facile,
255 739 329 782 cum
359 716 531 801 incipimus
563 715 786 799 pronuntiare,
816 738 875 800 pro
904 717 1002 801 longa
1026 718 1258 800 paenultimam

113 824 301 909 accipimus,
333 823 452 907 quippe
481 845 579 906 quam
606 845 666 907 pro
694 822 784 886 brevi
807 845 878 887 esse
901 823 1107 907 insequentes
1131 824 1258 888 demum

113 931 258 1015 syllabae
282 930 433 995 doceant:
457 935 571 995 contra
594 930 772 1013 praemissa
795 930 884 994 brevi
909 953 991 1014 quae
1015 931 1114 996 ictum
1139 932 1259 995 habeat

114 1037 241 1123 syllaba
259 1041 328 1103 tarn
350 1041 438 1102 certa
458 1038 494 1100 fit
509 1037 708 1121 insequentis
724 1037 871 1121 syllabae
887 1038 1002 1122 finitio,
1021 1042 1057 1102 ut
1075 1038 1259 1102 haesitandi

115 1169 229 1211 caussa
252 1146 356 1210 omnis
381 1145 550 1229 praeclusa
574 1144 625 1209 sit.
673 1144 776 1220 Quam
801 1149 909 1210 autern
933 1145 1103 1229 productio
1128 1146 1259 1230 paenul-

114 1253 213 1316 timae
244 1252 460 1336 praevaluerit
491 1274 568 1335 prae
598 1252 816 1335 correptione,
845 1251 935 1316 illinc
968 1274 1095 1335 quoque
1125 1258 1260 1337 apparet

115 1359 200 1443 quod
223 1360 313 1424 nulla
331 1381 485 1443 umquam
503 1357 679 1422 illiusmodi
697 1358 803 1423 forma
821 1359 855 1422 in
875 1359 989 1423 ultimo
1009 1380 1159 1423 versuum
1178 1360 1259 1444 pede

113 1468 220 1531 locum
248 1464 410 1551 habuit.*)
455 1464 608 1548 Idemque
637 1465 672 1528 in
700 1465 772 1529 illas
804 1466 1024 1549 correptiones
1057 1464 1145 1530 cadit
1179 1489 1260 1550 quae
1274 1488 1365 1529 ccum

115 1575 210 1638 modo
240 1573 350 1638 allatis
377 1573 549 1638 verborum
577 1571 867 1656 compositionibus
890 1573 930 1636 dc'
948 1572 1010 1649 illo,
1039 1574 1067 1636 ci
1088 1575 1144 1638 cate
1167 1574 1261 1639 valde

114 1680 314 1767 propinquae
339 1680 450 1745 eadem
473 1700 605 1764 prorsus
629 1678 755 1742 ratione
782 1681 952 1762 reguntur:
978 1680 1032 1742 sc'd
1059 1681 1154 1761 intus,
1180 1682 1263 1762 qrrdd

113 1791 206 1859 inlus,
229 1787 281 1868 c‘po
300 1788 392 1870 intua,
410 1789 476 1851 siae
495 1787 587 1868 ornari,
606 1786 688 1866 quiid
704 1806 815 1868 carrica,
835 1786 893 1850 libi
911 1806 1022 1866 oseriae,
1042 1808 1124 1868 quae
1143 1791 1260 1852 tracta·

115 1896 219 1960 vimus
244 1918 273 1978 p.
299 1910 433 1957 cxxvlrl
457 1892 550 1975 [377]
576 1896 609 1956 et
631 1916 661 1976 p.
681 1909 803 1955 cxxxn
829 1892 921 1975 [380]
934 1914 995 1975 sq:
1024 1892 1063 1956 ad
1093 1915 1174 1976 quae
1204 1894 1261 1957 ali·

117 2024 181 2086 quo
205 2001 380 2066 intervallo
404 2000 503 2063 etiam
525 2000 578 2064 se'd
598 2000 725 2062 lateam
749 1998 881 2062 accedit.

203 2106 377 2172 Cautiones
405 2105 602 2192 significavi,
630 2104 747 2188 quibus
776 2105 1001 2189 restringenda
1029 2111 1114 2170 esset
1143 2108 1259 2191 princi-

116 2214 200 2300 palis
229 2215 310 2298 legis
339 2212 504 2278 severitas.
551 2212 694 2288 Quarum
723 2212 778 2275 ubi
806 2212 898 2276 nulla
929 2211 1035 2276 locum
1067 2212 1178 2297 habet,
1207 2239 1260 2280 ne-

117 2322 225 2406 glecta
248 2343 357 2385 eorum
382 2320 554 2385 verborum
577 2319 729 2402 intentio,
756 2319 790 2384 in
818 2319 935 2404 quibus
958 2319 1133 2404 praecipua
1156 2323 1203 2386 vis
1228 2327 1261 2387 et

117 2429 263 2512 gravitas
288 2428 466 2492 sententiae
490 2426 633 2511 reposita
656 2432 719 2510 est,
747 2449 813 2492 non
841 2430 951 2511 potest
973 2450 1038 2492 non
1063 2427 1134 2492 vitii
1158 2429 1259 2514 suspi-

115 2536 237 2600 tionem
261 2555 397 2599 movere.
434 2533 624 2598 Percurrarn
648 2533 769 2598 editam
792 2557 812 2598 a
834 2555 885 2596 me
908 2533 1053 2598 fabulam
1077 2539 1110 2599 et
1133 2538 1261 2619 potiora

115 2642 273 2726 quaedam
285 2640 471 2725 speciminis
485 2663 600 2705 caussa
614 2640 745 2705 notabo.
769 2640 816 2705 Ac
831 2641 870 2704 de
885 2641 1009 2706 duobus
1024 2642 1180 2726 exemplis
1195 2643 1259 2707 iam

117 2749 228 2813 monui
248 2770 360 2832 supra:
381 2748 419 2811 de
439 2748 474 2810 iil
486 2752 574 2829 optari
592 2751 605 2810 i
610 2752 645 2810 la
660 2749 782 2812 lodessa
794 2743 836 2831 (v.
852 2744 933 2832 311)
948 2771 977 2831 p.
989 2765 1146 2831 cxcrvsq.
1158 2750 1261 2831 [434],

115 2856 153 2919 de
167 2857 213 2919 ac'
222 2855 342 2937 babeas,
356 2854 408 2918 cui
419 2854 604 2938 oppositum
614 2855 696 2935 qarod
706 2854 829 2936 habes,
843 2875 948 2938 proac
957 2854 1068 2919 laibroc
1078 2877 1106 2917 v.
1117 2855 1181 2919 351
1195 2878 1259 2919 am·

115 2961 285 3047 plectendo
303 2985 333 3045 p.
345 2979 460 3026 cxxxv
474 2961 577 3045 {383}
600 2959 882 3024 Perversissimum
899 2967 969 3024 erat
984 2961 1141 3045 supprimi
1158 2986 1185 3028 v.
1195 2965 1259 3027 388

116 3075 206 3133 tarem
224 3089 412 3153 pronomen,
432 3072 528 3151 atque
548 3067 628 3131 adeo
643 3089 715 3131 cum
731 3069 846 3132 scabra
864 3070 924 3132 erit
941 3068 1027 3132 vocis
1042 3069 1259 3154 correptione:

116 3180 149 3239 et
157 3175 322 3261 praeclare
333 3174 511 3238 Hermanni
526 3172 812 3258 transpositionem
821 3173 963 3238 Grauius
977 3176 1077 3238 triam
1090 3178 1260 3242 ordiinum

115 3282 242 3346 uerbum
261 3283 304 3346 od
321 3281 389 3344 edm
403 3302 468 3345 rem
481 3302 576 3362 quom
590 3281 709 3344 cerritior
724 3301 793 3344 meo
812 3280 1048 3345 Ambrosianus
1067 3282 1166 3347 codex
1186 3306 1260 3349 con·

116 3388 266 3452 firmavit.
302 3387 377 3452 Nou
401 3388 506 3452 minus
530 3387 623 3451 fortis
647 3386 810 3471 oppositio
836 3410 863 3451 v.
883 3388 946 3451 447
971 3387 1054 3452 banc
1077 3390 1259 3455 collocatio·

116 3516 190 3559 nem
209 3494 395 3578 requirebat
416 3495 504 3559 imum
527 3495 578 3577 e‘po
601 3515 680 3576 sarra,
703 3494 737 3558 a
754 3493 842 3559 lona
860 3515 899 3578 es,
923 3517 988 3560 non
1006 3495 1093 3560 lio-rrae
1112 3498 1163 3580 e'po
1181 3518 1261 3581 auor,

118 3601 208 3666 bomo'
236 3607 270 3665 la
298 3623 337 3666 es.
382 3600 422 3667 V.
446 3602 619 3667 5651111110
649 3601 777 3666 demum
807 3602 900 3668 video
931 3625 997 3668 non
1024 3625 1097 3685 esse,
1127 3603 1182 3669 sed
1210 3626 1261 3687 ayo

117 3699 295 3773 acuendum
319 3710 431 3774 fuisse:
455 3710 500 3773 Et
521 3711 572 3792 e'po
595 3730 657 3775 esse
679 3711 816 3795 coaptes,
840 3713 948 3775 aarum
970 3711 1157 3793 nequaquam
1178 3713 1260 3776 uolo:

117 3838 209 3880 servo
238 3816 324 3880 enim
352 3820 455 3880 semet
476 3816 674 3881 Lesbonicus
702 3817 849 3903 opponit.
895 3817 933 3882 V.
957 3819 1188 3882 carractere
1212 3840 1261 3882 ac·

117 3928 228 3987 centus
251 3923 299 3987 ita
322 3926 450 3987 tantum
474 3922 607 3987 habent:
637 3924 699 4004 Qui
725 3923 802 3987 milri
829 3925 914 3989 barre
939 3946 1029 4006 quom
1056 3925 1187 3989 simulas
1211 3925 1261 4005 fa-

116 4066 232 4072 ..—.....-.-
244 4064 327 4071 ——A

206 4135 231 4203 *)
251 4135 313 4189 Iure
337 4133 425 4204 igitur
449 4137 557 4202 nostro,
583 4133 671 4188 sicubi
698 4133 727 4187 iu
754 4133 945 4203 superioribus
970 4135 1110 4205 capitibus
1135 4133 1164 4188 in
1189 4135 1261 4189 tales

118 4240 213 4277 versus
236 4223 390 4294 disputatio
413 4222 525 4291 incidit,
548 4222 577 4276 in
602 4222 702 4292 quibus
725 4239 775 4292 per
793 4225 914 4276 metrum
933 4224 1094 4295 ambiguum
1114 4225 1188 4279 esset
1205 4224 1260 4277 tro·

118 4311 237 4365 chaeum
260 4329 296 4366 au
319 4311 511 4381 pyrrhichium
534 4312 593 4379 illc,
617 4311 771 4380 spondeum
795 4327 832 4366 an
855 4311 980 4365 iambum
1003 4314 1086 4367 iatum
1109 4314 1138 4366 et
1156 4310 1262 4367 similia

118 4397 269 4466 efficerent,
287 4417 339 4469 pro
359 4401 444 4471 longa
462 4400 664 4470 paenultimam
683 4400 841 4471 accepimus
860 4401 994 4470 quamdiu
1012 4418 1066 4456 nou
1086 4400 1164 4455 aliud
1183 4403 1260 4456 certa

118 4486 235 4543 rationis
254 4489 438 4558 probabilitas
456 4489 572 4546 iuberet.
