<?xml version="1.0" encoding="UTF-8"?>
<!DOCTYPE html PUBLIC "-//W3C//DTD XHTML 1.0 Transitional//EN"
    "http://www.w3.org/TR/xhtml1/DTD/xhtml1-transitional.dtd">
<html xmlns="http://www.w3.org/1999/xhtml" xml:lang="en" lang="en">
 <head>
  <title>
</title>
<meta http-equiv="Content-Type" content="text/html;charset=utf-8" />
  <meta name='ocr-system' content='tesseract 3.04.00' />
  <meta name='ocr-capabilities' content='ocr_page ocr_carea ocr_par ocr_line ocrx_word'/>
</head>
<body>
  <div class='ocr_page' id='page_1' title='image "./fridericiritsch05wachgoog_0530.png"; bbox 0 0 2940 5004; ppageno 0'>
   <div class='ocr_carea' id='block_1_1' title="bbox 392 327 1211 391">
    <p class='ocr_par' dir='ltr' id='par_1_1' title="bbox 392 327 1211 391">
     <span class='ocr_line' id='line_1_1' title="bbox 392 327 1211 391; baseline 0.002 -3"><span class='ocrx_word' id='word_1_1' title='bbox 392 339 652 391; x_wconf 81' lang='grc' dir='ltr'><strong>0000οΑ00010</strong></span> <span class='ocrx_word' id='word_1_2' title='bbox 676 343 886 391; x_wconf 76' lang='grc'><strong>00100010.</strong></span> <span class='ocrx_word' id='word_1_3' title='bbox 1146 327 1211 391; x_wconf 79' lang='grc'><strong>513</strong></span> 
     </span>
    </p>
   </div>
   <div class='ocr_carea' id='block_1_2' title="bbox 63 484 985 554">
    <p class='ocr_par' dir='ltr' id='par_1_2' title="bbox 63 484 985 554">
     <span class='ocr_line' id='line_1_2' title="bbox 63 484 985 554; baseline 0.003 -6"><span class='ocrx_word' id='word_1_4' title='bbox 63 488 99 549; x_wconf 90' lang='grc'><strong>01</strong></span> <span class='ocrx_word' id='word_1_5' title='bbox 124 484 214 550; x_wconf 84' lang='lat' dir='ltr'><strong>Trin.</strong></span> <span class='ocrx_word' id='word_1_6' title='bbox 239 486 290 551; x_wconf 81' lang='lat'><strong>66.</strong></span> <span class='ocrx_word' id='word_1_7' title='bbox 317 488 389 552; x_wconf 94' lang='grc'><strong>177.</strong></span> <span class='ocrx_word' id='word_1_8' title='bbox 412 488 487 553; x_wconf 89' lang='grc'><strong>440.</strong></span> <span class='ocrx_word' id='word_1_9' title='bbox 511 490 586 554; x_wconf 91' lang='grc'><strong>458.</strong></span> <span class='ocrx_word' id='word_1_10' title='bbox 610 490 683 554; x_wconf 83' lang='grc'><strong>516.</strong></span> <span class='ocrx_word' id='word_1_11' title='bbox 708 489 782 553; x_wconf 84' lang='grc'><strong>538.</strong></span> <span class='ocrx_word' id='word_1_12' title='bbox 807 490 880 554; x_wconf 88' lang='grc'><strong>730.</strong></span> <span class='ocrx_word' id='word_1_13' title='bbox 904 489 985 553; x_wconf 84' lang='grc'><strong>806;</strong></span> 
     </span>
    </p>
   </div>
   <div class='ocr_carea' id='block_1_3' title="bbox 151 644 1144 1481">
    <p class='ocr_par' dir='ltr' id='par_1_3' title="bbox 151 644 1144 945">
     <span class='ocr_line' id='line_1_3' title="bbox 155 644 1078 732; baseline -0.001 -21"><span class='ocrx_word' id='word_1_14' title='bbox 155 644 217 711; x_wconf 85' lang='lat' dir='ltr'><strong>Sed</strong></span> <span class='ocrx_word' id='word_1_15' title='bbox 240 646 301 710; x_wconf 90' lang='lat' dir='ltr'><strong>hoc</strong></span> <span class='ocrx_word' id='word_1_16' title='bbox 325 646 469 710; x_wconf 77' lang='lat' dir='ltr'><strong>animum</strong></span> <span class='ocrx_word' id='word_1_17' title='bbox 493 647 626 711; x_wconf 85' lang='lat' dir='ltr'><strong>aduorte</strong></span> <span class='ocrx_word' id='word_1_18' title='bbox 650 652 747 732; x_wconf 87' lang='lat' dir='ltr'><strong>atque</strong></span> <span class='ocrx_word' id='word_1_19' title='bbox 772 648 864 712; x_wconf 80' lang='lat' dir='ltr'><strong>adfer</strong></span> <span class='ocrx_word' id='word_1_20' title='bbox 886 647 1078 712; x_wconf 75' lang='lat' dir='ltr'><strong>ridicularia.</strong></span> 
     </span>
     <span class='ocr_line' id='line_1_4' title="bbox 153 752 1144 838; baseline 0 -22"><span class='ocrx_word' id='word_1_21' title='bbox 153 753 207 816; x_wconf 88' lang='lat' dir='ltr'><strong>An</strong></span> <span class='ocrx_word' id='word_1_22' title='bbox 231 774 291 837; x_wconf 85' lang='lat' dir='ltr'><strong>ego</strong></span> <span class='ocrx_word' id='word_1_23' title='bbox 316 753 415 817; x_wconf 74' lang='lat' dir='ltr'><strong>alium</strong></span> <span class='ocrx_word' id='word_1_24' title='bbox 439 753 603 818; x_wconf 91' lang='lat' dir='ltr'><strong>dominum</strong></span> <span class='ocrx_word' id='word_1_25' title='bbox 628 756 758 838; x_wconf 77' lang='lat' dir='ltr'><strong>paterer</strong></span> <span class='ocrx_word' id='word_1_26' title='bbox 781 756 850 820; x_wconf 87' lang='lat' dir='ltr'><strong>lieri</strong></span> <span class='ocrx_word' id='word_1_27' title='bbox 874 755 963 819; x_wconf 86' lang='lat' dir='ltr'><strong>hisco</strong></span> <span class='ocrx_word' id='word_1_28' title='bbox 988 752 1144 818; x_wconf 70' lang='lat' dir='ltr'><strong>aedibus?</strong></span> 
     </span>
     <span class='ocr_line' id='line_1_5' title="bbox 151 858 1024 945; baseline 0.001 -22"><span class='ocrx_word' id='word_1_29' title='bbox 151 858 224 942; x_wconf 84' lang='lat' dir='ltr'><strong>Ego</strong></span> <span class='ocrx_word' id='word_1_30' title='bbox 249 863 377 945; x_wconf 80' lang='lat' dir='ltr'><strong>quoque</strong></span> <span class='ocrx_word' id='word_1_31' title='bbox 401 861 476 925; x_wconf 91' lang='lat' dir='ltr'><strong>uolo</strong></span> <span class='ocrx_word' id='word_1_32' title='bbox 502 883 571 925; x_wconf 89' lang='grc'><strong>0000</strong></span> <span class='ocrx_word' id='word_1_33' title='bbox 596 860 697 926; x_wconf 84' lang='lat' dir='ltr'><strong>liber:</strong></span> <span class='ocrx_word' id='word_1_34' title='bbox 721 862 917 945; x_wconf 75' lang='lat' dir='ltr'><strong>nequiquam</strong></span> <span class='ocrx_word' id='word_1_35' title='bbox 940 862 1024 926; x_wconf 90' lang='lat' dir='ltr'><strong>uolo.</strong></span> 
     </span>
    </p>

    <p class='ocr_par' dir='ltr' id='par_1_4' title="bbox 152 965 1011 1052">
     <span class='ocr_line' id='line_1_6' title="bbox 152 965 1011 1052; baseline 0.002 -23"><span class='ocrx_word' id='word_1_36' title='bbox 152 965 224 1030; x_wconf 93' lang='lat' dir='ltr'><strong>Nisi</strong></span> <span class='ocrx_word' id='word_1_37' title='bbox 250 989 301 1030; x_wconf 85' lang='lat' dir='ltr'><strong>me</strong></span> <span class='ocrx_word' id='word_1_38' title='bbox 325 967 413 1031; x_wconf 75' lang='lat' dir='ltr'><strong>aliud</strong></span> <span class='ocrx_word' id='word_1_39' title='bbox 437 967 512 1050; x_wconf 94' lang='lat' dir='ltr'><strong>quid</strong></span> <span class='ocrx_word' id='word_1_40' title='bbox 536 969 596 1051; x_wconf 87' lang='grc'><strong>010,</strong></span> <span class='ocrx_word' id='word_1_41' title='bbox 620 965 741 1045; x_wconf 87' lang='lat' dir='ltr'><strong>Philto,</strong></span> <span class='ocrx_word' id='word_1_42' title='bbox 764 966 918 1052; x_wconf 85' lang='lat' dir='ltr'><strong>respondi</strong></span> <span class='ocrx_word' id='word_1_43' title='bbox 939 968 1011 1032; x_wconf 91' lang='lat' dir='ltr'><strong>tibi.</strong></span> 
     </span>
    </p>

    <p class='ocr_par' dir='ltr' id='par_1_5' title="bbox 152 1071 991 1157">
     <span class='ocr_line' id='line_1_7' title="bbox 152 1071 991 1157; baseline 0.006 -21"><span class='ocrx_word' id='word_1_44' title='bbox 152 1071 224 1138; x_wconf 88' lang='lat' dir='ltr'><strong>Nisi</strong></span> <span class='ocrx_word' id='word_1_45' title='bbox 249 1072 326 1157; x_wconf 87' lang='lat' dir='ltr'><strong>quid</strong></span> <span class='ocrx_word' id='word_1_46' title='bbox 349 1093 410 1156; x_wconf 85' lang='lat' dir='ltr'><strong>ego</strong></span> <span class='ocrx_word' id='word_1_47' title='bbox 434 1072 669 1138; x_wconf 88' lang='lat' dir='ltr'><strong>comminiscor.</strong></span> <span class='ocrx_word' id='word_1_48' title='bbox 716 1074 826 1138; x_wconf 79' lang='lat' dir='ltr'>Philto</span> <span class='ocrx_word' id='word_1_49' title='bbox 849 1077 882 1138; x_wconf 77' lang='grc'><strong>10</strong></span> <span class='ocrx_word' id='word_1_50' title='bbox 905 1075 991 1141; x_wconf 90' lang='grc'><strong>0010.</strong></span> 
     </span>
    </p>

    <p class='ocr_par' dir='ltr' id='par_1_6' title="bbox 152 1178 1025 1265">
     <span class='ocr_line' id='line_1_8' title="bbox 152 1178 1025 1265; baseline 0.002 -23"><span class='ocrx_word' id='word_1_51' title='bbox 152 1178 258 1264; x_wconf 82' lang='lat' dir='ltr'><strong>Magis</strong></span> <span class='ocrx_word' id='word_1_52' title='bbox 282 1182 385 1265; x_wconf 75' lang='lat' dir='ltr'><strong>apage</strong></span> <span class='ocrx_word' id='word_1_53' title='bbox 410 1178 506 1262; x_wconf 88' lang='lat' dir='ltr'><strong>dicas,</strong></span> <span class='ocrx_word' id='word_1_54' title='bbox 532 1181 559 1244; x_wconf 87' lang='lat' dir='ltr'><strong>si</strong></span> <span class='ocrx_word' id='word_1_55' title='bbox 584 1182 695 1246; x_wconf 76' lang='lat' dir='ltr'><strong>omnia</strong></span> <span class='ocrx_word' id='word_1_56' title='bbox 717 1204 756 1246; x_wconf 81' lang='lat' dir='ltr'><strong>ex</strong></span> <span class='ocrx_word' id='word_1_57' title='bbox 779 1204 831 1245; x_wconf 88' lang='lat' dir='ltr'><strong>me</strong></span> <span class='ocrx_word' id='word_1_58' title='bbox 854 1180 1025 1246; x_wconf 83' lang='lat' dir='ltr'><strong>audiucris.</strong></span> 
     </span>
    </p>

    <p class='ocr_par' dir='ltr' id='par_1_7' title="bbox 152 1274 938 1374">
     <span class='ocr_line' id='line_1_9' title="bbox 152 1274 938 1374; baseline 0.001 -23"><span class='ocrx_word' id='word_1_59' title='bbox 152 1286 232 1351; x_wconf 82' lang='lat' dir='ltr'><strong>Poto</strong></span> <span class='ocrx_word' id='word_1_60' title='bbox 255 1286 330 1351; x_wconf 85' lang='lat' dir='ltr'><strong>lieri</strong></span> <span class='ocrx_word' id='word_1_61' title='bbox 353 1310 479 1370; x_wconf 83' lang='lat' dir='ltr'><strong>prosus,</strong></span> <span class='ocrx_word' id='word_1_62' title='bbox 503 1288 579 1372; x_wconf 88' lang='lat' dir='ltr'><strong>quin</strong></span> <span class='ocrx_word' id='word_1_63' title='bbox 604 1289 662 1354; x_wconf 90' lang='lat' dir='ltr'><strong>dos</strong></span> <span class='ocrx_word' id='word_1_64' title='bbox 687 1290 780 1354; x_wconf 87' lang='lat' dir='ltr'><strong>detur</strong></span> <span class='ocrx_word' id='word_1_65' title='bbox 803 1274 938 1374; x_wconf 84' lang='lat' dir='ltr'><strong>uirgini.</strong></span> 
     </span>
    </p>

    <p class='ocr_par' dir='ltr' id='par_1_8' title="bbox 152 1392 1117 1481">
     <span class='ocr_line' id='line_1_10' title="bbox 152 1392 1117 1481; baseline 0.002 -24"><span class='ocrx_word' id='word_1_66' title='bbox 152 1392 202 1458; x_wconf 91' lang='lat' dir='ltr'><strong>Ita</strong></span> <span class='ocrx_word' id='word_1_67' title='bbox 224 1394 352 1459; x_wconf 76' lang='lat' dir='ltr'><strong>faciam.</strong></span> <span class='ocrx_word' id='word_1_68' title='bbox 389 1395 436 1459; x_wconf 87' lang='lat' dir='ltr'><strong>At</strong></span> <span class='ocrx_word' id='word_1_69' title='bbox 459 1392 545 1459; x_wconf 77' lang='lat' dir='ltr'><strong>duim</strong></span> <span class='ocrx_word' id='word_1_70' title='bbox 569 1397 668 1460; x_wconf 89' lang='lat' dir='ltr'><strong>nimis</strong></span> <span class='ocrx_word' id='word_1_71' title='bbox 693 1397 792 1481; x_wconf 79' lang='lat' dir='ltr'><strong>longo</strong></span> <span class='ocrx_word' id='word_1_72' title='bbox 816 1417 962 1460; x_wconf 80' lang='lat' dir='ltr'>sermone</span> <span class='ocrx_word' id='word_1_73' title='bbox 986 1397 1117 1460; x_wconf 79' lang='lat' dir='ltr'><strong>dtimur.</strong></span> 
     </span>
    </p>
   </div>
   <div class='ocr_carea' id='block_1_4' title="bbox 63 1555 1211 1835">
    <p class='ocr_par' dir='ltr' id='par_1_9' title="bbox 63 1555 1211 1835">
     <span class='ocr_line' id='line_1_11' title="bbox 66 1555 1211 1643; baseline -0.002 -23"><span class='ocrx_word' id='word_1_74' title='bbox 66 1555 218 1620; x_wconf 83' lang='lat' dir='ltr'><strong>Proximo</strong></span> <span class='ocrx_word' id='word_1_75' title='bbox 251 1560 327 1639; x_wconf 86' lang='lat' dir='ltr'><strong>post</strong></span> <span class='ocrx_word' id='word_1_76' title='bbox 359 1559 499 1641; x_wconf 90' lang='lat' dir='ltr'><strong>primum</strong></span> <span class='ocrx_word' id='word_1_77' title='bbox 528 1558 642 1643; x_wconf 87' lang='lat' dir='ltr'><strong>pedem</strong></span> <span class='ocrx_word' id='word_1_78' title='bbox 687 1558 857 1622; x_wconf 84' lang='lat' dir='ltr'><strong>intervalla</strong></span> <span class='ocrx_word' id='word_1_79' title='bbox 887 1557 1211 1641; x_wconf 76' lang='lat' dir='ltr'><strong>proceleusmaticum</strong></span> 
     </span>
     <span class='ocr_line' id='line_1_12' title="bbox 63 1662 1211 1748; baseline -0.001 -22"><span class='ocrx_word' id='word_1_80' title='bbox 63 1663 222 1728; x_wconf 86' lang='lat' dir='ltr'><strong>secundus</strong></span> <span class='ocrx_word' id='word_1_81' title='bbox 246 1664 478 1748; x_wconf 88' lang='lat' dir='ltr'><strong>frequentavit,</strong></span> <span class='ocrx_word' id='word_1_82' title='bbox 502 1669 539 1728; x_wconf 91' lang='lat' dir='ltr'><strong>ut</strong></span> <span class='ocrx_word' id='word_1_83' title='bbox 562 1688 589 1729; x_wconf 85' lang='lat' dir='ltr'><strong>v.</strong></span> <span class='ocrx_word' id='word_1_84' title='bbox 606 1665 678 1729; x_wconf 90' lang='lat'><strong>198.</strong></span> <span class='ocrx_word' id='word_1_85' title='bbox 698 1666 772 1729; x_wconf 81' lang='grc'><strong>472.</strong></span> <span class='ocrx_word' id='word_1_86' title='bbox 796 1664 861 1728; x_wconf 89' lang='grc'><strong>594</strong></span> <span class='ocrx_word' id='word_1_87' title='bbox 887 1663 940 1747; x_wconf 87' lang='grc'><strong>[01.</strong></span> <span class='ocrx_word' id='word_1_88' title='bbox 956 1664 1054 1748; x_wconf 88' lang='lat' dir='ltr'><strong>supra</strong></span> <span class='ocrx_word' id='word_1_89' title='bbox 1076 1686 1106 1746; x_wconf 88' lang='lat' dir='ltr'><strong>p.</strong></span> <span class='ocrx_word' id='word_1_90' title='bbox 1121 1662 1211 1742; x_wconf 76' lang='lat'><strong>4541.</strong></span> 
     </span>
     <span class='ocr_line' id='line_1_13' title="bbox 64 1770 574 1835; baseline 0 -1"><span class='ocrx_word' id='word_1_91' title='bbox 64 1770 137 1834; x_wconf 88' lang='grc'><strong>769.</strong></span> <span class='ocrx_word' id='word_1_92' title='bbox 162 1771 239 1835; x_wconf 83' lang='grc'><strong>773;</strong></span> <span class='ocrx_word' id='word_1_93' title='bbox 569 1798 574 1812; x_wconf 86' lang='grc'><strong><em>·</em></strong></span> 
     </span>
    </p>
   </div>
   <div class='ocr_carea' id='block_1_5' title="bbox 150 1929 1301 2442">
    <p class='ocr_par' dir='ltr' id='par_1_10' title="bbox 151 1929 1301 2124">
     <span class='ocr_line' id='line_1_14' title="bbox 151 1929 1301 2024; baseline -0.001 -30"><span class='ocrx_word' id='word_1_94' title='bbox 151 1929 326 2015; x_wconf 84' lang='lat' dir='ltr'><strong>Numquid,</strong></span> <span class='ocrx_word' id='word_1_95' title='bbox 351 1933 539 2017; x_wconf 82' lang='lat' dir='ltr'><strong>priusquam</strong></span> <span class='ocrx_word' id='word_1_96' title='bbox 563 1933 653 2016; x_wconf 87' lang='lat' dir='ltr'><strong>abeo,</strong></span> <span class='ocrx_word' id='word_1_97' title='bbox 677 1935 728 1996; x_wconf 72' lang='lat' dir='ltr'><strong>ure</strong></span> <span class='ocrx_word' id='word_1_98' title='bbox 751 1932 956 2017; x_wconf 81' lang='lat' dir='ltr'><strong>rogaturrt&#39;s?</strong></span> <span class='ocrx_word' id='word_1_99' title='bbox 987 1929 1077 1994; x_wconf 88' lang='lat' dir='ltr'><strong>Vale.</strong></span> <span class='ocrx_word' id='word_1_100' title='bbox 1225 1983 1301 2024; x_wconf 58' lang='lat'><strong>0030</strong></span> 
     </span>
     <span class='ocr_line' id='line_1_15' title="bbox 152 2038 1029 2124; baseline -0.001 -22"><span class='ocrx_word' id='word_1_101' title='bbox 152 2038 186 2104; x_wconf 86' lang='lat' dir='ltr'><strong>Si</strong></span> <span class='ocrx_word' id='word_1_102' title='bbox 210 2038 287 2124; x_wconf 86' lang='lat' dir='ltr'><strong>quid</strong></span> <span class='ocrx_word' id='word_1_103' title='bbox 311 2039 371 2102; x_wconf 92' lang='lat' dir='ltr'><strong>tibi</strong></span> <span class='ocrx_word' id='word_1_104' title='bbox 395 2039 533 2122; x_wconf 87' lang='lat' dir='ltr'><strong>placeat,</strong></span> <span class='ocrx_word' id='word_1_105' title='bbox 558 2038 643 2123; x_wconf 77' lang='lat' dir='ltr'><strong>quod</strong></span> <span class='ocrx_word' id='word_1_106' title='bbox 666 2038 715 2102; x_wconf 93' lang='lat' dir='ltr'><strong>illi</strong></span> <span class='ocrx_word' id='word_1_107' title='bbox 739 2042 932 2124; x_wconf 80' lang='lat' dir='ltr'><strong>congestdm</strong></span> <span class='ocrx_word' id='word_1_108' title='bbox 958 2039 1029 2102; x_wconf 88' lang='lat' dir='ltr'><strong>siet.</strong></span> 
     </span>
    </p>

    <p class='ocr_par' dir='ltr' id='par_1_11' title="bbox 151 2145 1007 2230">
     <span class='ocr_line' id='line_1_16' title="bbox 151 2145 1007 2230; baseline -0.002 -21"><span class='ocrx_word' id='word_1_109' title='bbox 151 2145 190 2209; x_wconf 96' lang='grc'><strong>10</strong></span> <span class='ocrx_word' id='word_1_110' title='bbox 214 2146 368 2230; x_wconf 74' lang='lat' dir='ltr'><strong>ambiguo</strong></span> <span class='ocrx_word' id='word_1_111' title='bbox 392 2145 492 2210; x_wconf 91' lang='lat' dir='ltr'><strong>etiam</strong></span> <span class='ocrx_word' id='word_1_112' title='bbox 515 2149 600 2209; x_wconf 83' lang='lat' dir='ltr'><strong>minc</strong></span> <span class='ocrx_word' id='word_1_113' title='bbox 624 2149 683 2227; x_wconf 87' lang='grc'><strong>001,</strong></span> <span class='ocrx_word' id='word_1_114' title='bbox 707 2145 784 2228; x_wconf 91' lang='lat' dir='ltr'><strong>quid</strong></span> <span class='ocrx_word' id='word_1_115' title='bbox 808 2166 847 2208; x_wconf 92' lang='grc'><strong>00</strong></span> <span class='ocrx_word' id='word_1_116' title='bbox 870 2147 903 2208; x_wconf 75' lang='lat' dir='ltr'><strong>re</strong></span> <span class='ocrx_word' id='word_1_117' title='bbox 926 2145 1007 2209; x_wconf 86' lang='lat' dir='ltr'><strong>fuat.</strong></span> 
     </span>
    </p>

    <p class='ocr_par' dir='ltr' id='par_1_12' title="bbox 150 2252 1227 2442">
     <span class='ocr_line' id='line_1_17' title="bbox 152 2252 1227 2336; baseline -0.002 -20"><span class='ocrx_word' id='word_1_118' title='bbox 152 2252 410 2318; x_wconf 80' lang='lat' dir='ltr'><strong>Mendacilocum</strong></span> <span class='ocrx_word' id='word_1_119' title='bbox 435 2253 575 2336; x_wconf 82' lang='lat' dir='ltr'><strong>aliquem</strong></span> <span class='ocrx_word' id='word_1_120' title='bbox 630 2304 1101 2317; x_wconf 92' lang='grc'><strong>.........</strong></span> <span class='ocrx_word' id='word_1_121' title='bbox 1225 2312 1227 2314; x_wconf 78' lang='grc'><strong>,</strong></span> 
     </span>
     <span class='ocr_line' id='line_1_18' title="bbox 150 2358 968 2442; baseline 0.001 -20"><span class='ocrx_word' id='word_1_122' title='bbox 150 2358 248 2422; x_wconf 77' lang='lat' dir='ltr'><strong>Illum</strong></span> <span class='ocrx_word' id='word_1_123' title='bbox 272 2358 353 2422; x_wconf 91' lang='lat' dir='ltr'><strong>bene</strong></span> <span class='ocrx_word' id='word_1_124' title='bbox 377 2378 489 2442; x_wconf 81' lang='lat' dir='ltr'><strong>gerere</strong></span> <span class='ocrx_word' id='word_1_125' title='bbox 513 2380 582 2423; x_wconf 90' lang='lat' dir='ltr'><strong>rem</strong></span> <span class='ocrx_word' id='word_1_126' title='bbox 606 2361 638 2422; x_wconf 78' lang='grc'><strong>01</strong></span> <span class='ocrx_word' id='word_1_127' title='bbox 662 2360 770 2423; x_wconf 87' lang='lat' dir='ltr'><strong>ualere</strong></span> <span class='ocrx_word' id='word_1_128' title='bbox 794 2363 827 2423; x_wconf 89' lang='grc'><strong>01</strong></span> <span class='ocrx_word' id='word_1_129' title='bbox 849 2359 968 2424; x_wconf 86' lang='lat' dir='ltr'><strong>uiuere.</strong></span> 
     </span>
    </p>
   </div>
   <div class='ocr_carea' id='block_1_6' title="bbox 64 2517 1211 2712">
    <p class='ocr_par' dir='ltr' id='par_1_13' title="bbox 64 2517 1211 2712">
     <span class='ocr_line' id='line_1_19' title="bbox 64 2517 1211 2612; baseline -0.001 -30"><span class='ocrx_word' id='word_1_130' title='bbox 64 2517 126 2612; x_wconf 79' lang='lat' dir='ltr'><strong>Sed</strong></span> <span class='ocrx_word' id='word_1_131' title='bbox 149 2541 209 2583; x_wconf 88' lang='grc'><strong>000</strong></span> <span class='ocrx_word' id='word_1_132' title='bbox 233 2542 252 2583; x_wconf 88' lang='grc'><strong>0</strong></span> <span class='ocrx_word' id='word_1_133' title='bbox 275 2520 372 2585; x_wconf 89' lang='lat' dir='ltr'><strong>tertio</strong></span> <span class='ocrx_word' id='word_1_134' title='bbox 397 2542 435 2584; x_wconf 91' lang='lat' dir='ltr'><strong>ac</strong></span> <span class='ocrx_word' id='word_1_135' title='bbox 458 2541 498 2585; x_wconf 88' lang='grc'><strong>00</strong></span> <span class='ocrx_word' id='word_1_136' title='bbox 522 2543 542 2584; x_wconf 88' lang='grc'><strong>0</strong></span> <span class='ocrx_word' id='word_1_137' title='bbox 564 2520 679 2604; x_wconf 90' lang='lat' dir='ltr'><strong>quinto</strong></span> <span class='ocrx_word' id='word_1_138' title='bbox 703 2520 834 2604; x_wconf 88' lang='lat' dir='ltr'><strong>quidem</strong></span> <span class='ocrx_word' id='word_1_139' title='bbox 857 2520 937 2603; x_wconf 90' lang='lat' dir='ltr'><strong>pede</strong></span> <span class='ocrx_word' id='word_1_140' title='bbox 957 2520 1086 2584; x_wconf 88' lang='lat' dir='ltr'><strong>eosdem</strong></span> <span class='ocrx_word' id='word_1_141' title='bbox 1104 2540 1211 2582; x_wconf 79' lang='lat' dir='ltr'><strong>nume</strong></span> 
     </span>
     <span class='ocr_line' id='line_1_20' title="bbox 64 2625 1029 2712; baseline -0.001 -23"><span class='ocrx_word' id='word_1_142' title='bbox 64 2648 117 2690; x_wconf 91' lang='lat' dir='ltr'><strong>ros</strong></span> <span class='ocrx_word' id='word_1_143' title='bbox 142 2627 264 2690; x_wconf 86' lang='lat' dir='ltr'><strong>alienos</strong></span> <span class='ocrx_word' id='word_1_144' title='bbox 292 2626 394 2691; x_wconf 84' lang='lat' dir='ltr'><strong>fuisse</strong></span> <span class='ocrx_word' id='word_1_145' title='bbox 420 2650 449 2692; x_wconf 88' lang='lat' dir='ltr'><strong>v.</strong></span> <span class='ocrx_word' id='word_1_146' title='bbox 472 2628 523 2692; x_wconf 87' lang='lat'><strong>86.</strong></span> <span class='ocrx_word' id='word_1_147' title='bbox 550 2627 622 2690; x_wconf 89' lang='grc'><strong>131.</strong></span> <span class='ocrx_word' id='word_1_148' title='bbox 647 2625 1029 2712; x_wconf 79' lang='grc'><strong>[792*).]576(100001;</strong></span> 
     </span>
    </p>
   </div>
   <div class='ocr_carea' id='block_1_7' title="bbox 151 2786 1178 3173">
    <p class='ocr_par' dir='ltr' id='par_1_14' title="bbox 153 2786 913 2870">
     <span class='ocr_line' id='line_1_21' title="bbox 153 2786 913 2870; baseline 0.001 -20"><span class='ocrx_word' id='word_1_149' title='bbox 153 2787 260 2870; x_wconf 85' lang='lat' dir='ltr'><strong>Atque</strong></span> <span class='ocrx_word' id='word_1_150' title='bbox 283 2786 316 2852; x_wconf 87' lang='lat' dir='ltr'><strong>id</strong></span> <span class='ocrx_word' id='word_1_151' title='bbox 340 2791 449 2851; x_wconf 84' lang='lat' dir='ltr'><strong>tamen</strong></span> <span class='ocrx_word' id='word_1_152' title='bbox 473 2787 553 2850; x_wconf 88' lang='lat' dir='ltr'><strong>milri</strong></span> <span class='ocrx_word' id='word_1_153' title='bbox 576 2787 687 2850; x_wconf 79' lang='lat' dir='ltr'><strong>lubeat</strong></span> <span class='ocrx_word' id='word_1_154' title='bbox 711 2787 913 2870; x_wconf 74' lang='lat' dir='ltr'><strong>suspicarien</strong></span> 
     </span>
    </p>

    <p class='ocr_par' dir='ltr' id='par_1_15' title="bbox 151 2891 1178 3173">
     <span class='ocr_line' id='line_1_22' title="bbox 152 2891 1090 2978; baseline -0.002 -21"><span class='ocrx_word' id='word_1_155' title='bbox 152 2895 292 2978; x_wconf 81' lang='lat' dir='ltr'><strong>Arge‘nti</strong></span> <span class='ocrx_word' id='word_1_156' title='bbox 315 2894 438 2959; x_wconf 87' lang='lat' dir='ltr'><strong>amanti</strong></span> <span class='ocrx_word' id='word_1_157' title='bbox 462 2893 588 2957; x_wconf 89' lang='lat' dir='ltr'><strong>homini</strong></span> <span class='ocrx_word' id='word_1_158' title='bbox 612 2892 819 2975; x_wconf 76' lang='lat' dir='ltr'><strong>adulescenti,</strong></span> <span class='ocrx_word' id='word_1_159' title='bbox 844 2893 944 2956; x_wconf 90' lang='lat' dir='ltr'><strong>animi</strong></span> <span class='ocrx_word' id='word_1_160' title='bbox 966 2891 1090 2975; x_wconf 82' lang='lat' dir='ltr'><strong>impoti.</strong></span> 
     </span>
     <span class='ocr_line' id='line_1_23' title="bbox 153 2997 1178 3098; baseline -0.003 -33"><span class='ocrx_word' id='word_1_161' title='bbox 153 3000 251 3080; x_wconf 86' lang='lat' dir='ltr'><strong>[Eum</strong></span> <span class='ocrx_word' id='word_1_162' title='bbox 275 3022 369 3086; x_wconf 89' lang='lat' dir='ltr'><strong>quem</strong></span> <span class='ocrx_word' id='word_1_163' title='bbox 393 3000 518 3081; x_wconf 75' lang='lat' dir='ltr'><strong>habuit,</strong></span> <span class='ocrx_word' id='word_1_164' title='bbox 541 2998 692 3083; x_wconf 76' lang='lat' dir='ltr'><strong>perdidit,</strong></span> <span class='ocrx_word' id='word_1_165' title='bbox 715 2998 814 3098; x_wconf 75' lang='lat' dir='ltr'><strong>alium</strong></span> <span class='ocrx_word' id='word_1_166' title='bbox 837 3001 914 3081; x_wconf 91' lang='lat' dir='ltr'><strong>post</strong></span> <span class='ocrx_word' id='word_1_167' title='bbox 937 2997 1014 3062; x_wconf 88' lang='lat' dir='ltr'><strong>fecit</strong></span> <span class='ocrx_word' id='word_1_168' title='bbox 1035 2999 1178 3080; x_wconf 83' lang='lat' dir='ltr'><strong>nouom]</strong></span> 
     </span>
     <span class='ocr_line' id='line_1_24' title="bbox 151 3103 944 3173; baseline -0.006 -1"><span class='ocrx_word' id='word_1_169' title='bbox 151 3107 194 3172; x_wconf 91' lang='lat' dir='ltr'><strong>Di</strong></span> <span class='ocrx_word' id='word_1_170' title='bbox 216 3108 433 3173; x_wconf 80' lang='lat' dir='ltr'><strong>fortunabunt</strong></span> <span class='ocrx_word' id='word_1_171' title='bbox 458 3109 569 3170; x_wconf 78' lang='lat' dir='ltr'><strong>nostra</strong></span> <span class='ocrx_word' id='word_1_172' title='bbox 592 3104 737 3170; x_wconf 89' lang='lat' dir='ltr'><strong>consilia.</strong></span> <span class='ocrx_word' id='word_1_173' title='bbox 784 3103 835 3169; x_wconf 89' lang='grc'><strong>110</strong></span> <span class='ocrx_word' id='word_1_174' title='bbox 859 3104 944 3168; x_wconf 90' lang='grc'><strong>0010.</strong></span> 
     </span>
    </p>
   </div>
   <div class='ocr_carea' id='block_1_8' title="bbox 61 3265 1309 4084">
    <p class='ocr_par' dir='ltr' id='par_1_16' title="bbox 61 3265 1309 4084">
     <span class='ocr_line' id='line_1_25' title="bbox 152 3265 1211 3352; baseline -0.003 -18"><span class='ocrx_word' id='word_1_175' title='bbox 152 3269 401 3334; x_wconf 87' lang='lat' dir='ltr'><strong>Diversissimus</strong></span> <span class='ocrx_word' id='word_1_176' title='bbox 426 3290 445 3331; x_wconf 90' lang='grc'><strong>0</strong></span> <span class='ocrx_word' id='word_1_177' title='bbox 468 3266 756 3352; x_wconf 80' lang='lat' dir='ltr'><strong>proceleusmatico</strong></span> <span class='ocrx_word' id='word_1_178' title='bbox 776 3265 876 3330; x_wconf 85' lang='lat' dir='ltr'><strong>iambi</strong></span> <span class='ocrx_word' id='word_1_179' title='bbox 895 3266 1025 3349; x_wconf 84' lang='lat' dir='ltr'><strong>vicario,</strong></span> <span class='ocrx_word' id='word_1_180' title='bbox 1049 3266 1139 3331; x_wconf 90' lang='grc'><strong>00100</strong></span> <span class='ocrx_word' id='word_1_181' title='bbox 1158 3266 1211 3331; x_wconf 93' lang='lat' dir='ltr'><strong>hic</strong></span> 
     </span>
     <span class='ocr_line' id='line_1_26' title="bbox 61 3372 1210 3460; baseline -0.003 -19"><span class='ocrx_word' id='word_1_182' title='bbox 61 3399 215 3442; x_wconf 86' lang='lat' dir='ltr'><strong>numerus</strong></span> <span class='ocrx_word' id='word_1_183' title='bbox 241 3405 366 3460; x_wconf 82' lang='grc'><strong>0000,</strong></span> <span class='ocrx_word' id='word_1_184' title='bbox 396 3377 425 3440; x_wconf 88' lang='grc'><strong>10</strong></span> <span class='ocrx_word' id='word_1_185' title='bbox 454 3380 504 3440; x_wconf 92' lang='grc'><strong>001</strong></span> <span class='ocrx_word' id='word_1_186' title='bbox 531 3373 850 3459; x_wconf 85' lang='lat' dir='ltr'><strong>proceleusmaticus,</strong></span> <span class='ocrx_word' id='word_1_187' title='bbox 882 3372 938 3458; x_wconf 90' lang='lat' dir='ltr'><strong>qui</strong></span> <span class='ocrx_word' id='word_1_188' title='bbox 970 3395 1042 3437; x_wconf 91' lang='lat' dir='ltr'><strong>cum</strong></span> <span class='ocrx_word' id='word_1_189' title='bbox 1073 3396 1210 3458; x_wconf 88' lang='lat' dir='ltr'><strong>aequare</strong></span> 
     </span>
     <span class='ocr_line' id='line_1_27' title="bbox 63 3480 1309 3566; baseline -0.002 -19"><span class='ocrx_word' id='word_1_190' title='bbox 63 3483 251 3548; x_wconf 87' lang='lat' dir='ltr'><strong>trochaeum</strong></span> <span class='ocrx_word' id='word_1_191' title='bbox 275 3484 415 3548; x_wconf 86' lang='lat' dir='ltr'><strong>creditus</strong></span> <span class='ocrx_word' id='word_1_192' title='bbox 440 3484 491 3566; x_wconf 83' lang='lat' dir='ltr'><strong>sit,</strong></span> <span class='ocrx_word' id='word_1_193' title='bbox 514 3482 713 3548; x_wconf 84' lang='lat' dir='ltr'><strong>contrariam</strong></span> <span class='ocrx_word' id='word_1_194' title='bbox 736 3481 938 3545; x_wconf 88' lang='lat' dir='ltr'><strong>notationem</strong></span> <span class='ocrx_word' id='word_1_195' title='bbox 961 3480 1044 3545; x_wconf 87' lang='lat' dir='ltr'><strong>hanc</strong></span> <span class='ocrx_word' id='word_1_196' title='bbox 1067 3483 1212 3565; x_wconf 86' lang='lat' dir='ltr'><strong>postulet</strong></span> <span class='ocrx_word' id='word_1_197' title='bbox 1304 3512 1309 3520; x_wconf 95' lang='lat'><em>·</em></span> 
     </span>
     <span class='ocr_line' id='line_1_28' title="bbox 62 3587 1210 3672; baseline -0.004 -15"><span class='ocrx_word' id='word_1_198' title='bbox 62 3618 186 3657; x_wconf 85' lang='grc'><strong>0000.</strong></span> <span class='ocrx_word' id='word_1_199' title='bbox 232 3590 335 3665; x_wconf 83' lang='lat' dir='ltr'><strong>Quem</strong></span> <span class='ocrx_word' id='word_1_200' title='bbox 368 3589 423 3653; x_wconf 92' lang='lat' dir='ltr'><strong>diu</strong></span> <span class='ocrx_word' id='word_1_201' title='bbox 457 3593 507 3652; x_wconf 90' lang='lat' dir='ltr'><strong>est</strong></span> <span class='ocrx_word' id='word_1_202' title='bbox 538 3611 611 3653; x_wconf 91' lang='lat' dir='ltr'><strong>cum</strong></span> <span class='ocrx_word' id='word_1_203' title='bbox 641 3610 661 3652; x_wconf 91' lang='lat' dir='ltr'><strong>a</strong></span> <span class='ocrx_word' id='word_1_204' title='bbox 692 3587 948 3672; x_wconf 85' lang='lat' dir='ltr'><strong>septenariorum</strong></span> <span class='ocrx_word' id='word_1_205' title='bbox 979 3591 1048 3652; x_wconf 88' lang='lat' dir='ltr'><strong>arte</strong></span> <span class='ocrx_word' id='word_1_206' title='bbox 1077 3611 1210 3672; x_wconf 89' lang='lat' dir='ltr'><strong>prorsus</strong></span> 
     </span>
     <span class='ocr_line' id='line_1_29' title="bbox 65 3693 1210 3783; baseline 0 -24"><span class='ocrx_word' id='word_1_207' title='bbox 65 3695 237 3760; x_wconf 86' lang='lat' dir='ltr'><strong>abhorrere</strong></span> <span class='ocrx_word' id='word_1_208' title='bbox 269 3696 477 3761; x_wconf 86' lang='lat' dir='ltr'><strong>Hermaunus</strong></span> <span class='ocrx_word' id='word_1_209' title='bbox 514 3697 623 3761; x_wconf 90' lang='lat' dir='ltr'><strong>docuit</strong></span> <span class='ocrx_word' id='word_1_210' title='bbox 659 3695 846 3761; x_wconf 90' lang='lat' dir='ltr'><strong>rectissime.</strong></span> <span class='ocrx_word' id='word_1_211' title='bbox 897 3693 1079 3783; x_wconf 78' lang='lat' dir='ltr'><strong>Lenissima</strong></span> <span class='ocrx_word' id='word_1_212' title='bbox 1115 3696 1210 3760; x_wconf 91' lang='lat' dir='ltr'><strong>unius</strong></span> 
     </span>
     <span class='ocr_line' id='line_1_30' title="bbox 65 3796 1211 3888; baseline -0.002 -21"><span class='ocrx_word' id='word_1_213' title='bbox 65 3804 198 3868; x_wconf 87' lang='lat' dir='ltr'><strong>voculae</strong></span> <span class='ocrx_word' id='word_1_214' title='bbox 225 3804 482 3886; x_wconf 88' lang='lat' dir='ltr'><strong>transpositione</strong></span> <span class='ocrx_word' id='word_1_215' title='bbox 511 3803 658 3888; x_wconf 83' lang='lat' dir='ltr'><strong>legitima</strong></span> <span class='ocrx_word' id='word_1_216' title='bbox 687 3803 772 3867; x_wconf 90' lang='lat' dir='ltr'><strong>ratio</strong></span> <span class='ocrx_word' id='word_1_217' title='bbox 801 3802 947 3867; x_wconf 87' lang='lat' dir='ltr'><strong>versibus</strong></span> <span class='ocrx_word' id='word_1_218' title='bbox 975 3796 1049 3866; x_wconf 86' lang='lat'><strong>313.</strong></span> <span class='ocrx_word' id='word_1_219' title='bbox 1073 3802 1137 3867; x_wconf 89' lang='lat'><strong>968</strong></span> <span class='ocrx_word' id='word_1_220' title='bbox 1162 3796 1211 3866; x_wconf 81' lang='lat' dir='ltr'><strong>re·</strong></span> 
     </span>
     <span class='ocr_line' id='line_1_31' title="bbox 64 3908 1210 3995; baseline -0.003 -19"><span class='ocrx_word' id='word_1_221' title='bbox 64 3912 181 3976; x_wconf 88' lang='lat' dir='ltr'><strong>stituta</strong></span> <span class='ocrx_word' id='word_1_222' title='bbox 210 3915 275 3995; x_wconf 88' lang='grc'><strong>001,</strong></span> <span class='ocrx_word' id='word_1_223' title='bbox 303 3933 383 3994; x_wconf 89' lang='lat' dir='ltr'><strong>quos</strong></span> <span class='ocrx_word' id='word_1_224' title='bbox 412 3910 493 3974; x_wconf 92' lang='lat' dir='ltr'><strong>illud</strong></span> <span class='ocrx_word' id='word_1_225' title='bbox 520 3910 638 3974; x_wconf 83' lang='lat' dir='ltr'><strong>vitium</strong></span> <span class='ocrx_word' id='word_1_226' title='bbox 665 3911 698 3973; x_wconf 90' lang='lat' dir='ltr'><strong>in</strong></span> <span class='ocrx_word' id='word_1_227' title='bbox 729 3910 833 3974; x_wconf 90' lang='lat' dir='ltr'><strong>altero</strong></span> <span class='ocrx_word' id='word_1_228' title='bbox 861 3913 894 3973; x_wconf 90' lang='lat' dir='ltr'><strong>et</strong></span> <span class='ocrx_word' id='word_1_229' title='bbox 918 3908 1031 3994; x_wconf 91' lang='lat' dir='ltr'><strong>quinto</strong></span> <span class='ocrx_word' id='word_1_230' title='bbox 1054 3910 1135 3992; x_wconf 84' lang='lat' dir='ltr'><strong>pade</strong></span> <span class='ocrx_word' id='word_1_231' title='bbox 1158 3909 1210 3973; x_wconf 87' lang='lat' dir='ltr'><strong>dc-</strong></span> 
     </span>
     <span class='ocr_line' id='line_1_32' title="bbox 63 4018 241 4084; baseline 0.006 -2"><span class='ocrx_word' id='word_1_232' title='bbox 63 4018 241 4084; x_wconf 84' lang='lat' dir='ltr'><strong>formabat:</strong></span> 
     </span>
    </p>
   </div>
   <div class='ocr_carea' id='block_1_9' title="bbox 152 4174 1210 4282">
    <p class='ocr_par' dir='ltr' id='par_1_17' title="bbox 152 4174 1210 4282">
     <span class='ocr_line' id='line_1_33' title="bbox 152 4174 1210 4282; baseline -0.003 -19"><span class='ocrx_word' id='word_1_233' title='bbox 152 4174 258 4263; x_wconf 84' lang='grc'><strong>101000</strong></span> <span class='ocrx_word' id='word_1_234' title='bbox 278 4218 338 4282; x_wconf 80' lang='lat' dir='ltr'><strong>ego</strong></span> <span class='ocrx_word' id='word_1_235' title='bbox 358 4198 438 4262; x_wconf 90' lang='lat' dir='ltr'><strong>mihi</strong></span> <span class='ocrx_word' id='word_1_236' title='bbox 459 4198 586 4280; x_wconf 75' lang='lat' dir='ltr'><strong>semper</strong></span> <span class='ocrx_word' id='word_1_237' title='bbox 604 4194 704 4258; x_wconf 88' lang='lat' dir='ltr'><strong>habui</strong></span> <span class='ocrx_word' id='word_1_238' title='bbox 722 4193 823 4257; x_wconf 79' lang='lat' dir='ltr'><strong>aetati</strong></span> <span class='ocrx_word' id='word_1_239' title='bbox 840 4193 1098 4276; x_wconf 75' lang='lat' dir='ltr'><strong>integumentum</strong></span> <span class='ocrx_word' id='word_1_240' title='bbox 1113 4217 1210 4260; x_wconf 84' lang='lat' dir='ltr'><strong>meae.</strong></span> 
     </span>
    </p>
   </div>
   <div class='ocr_carea' id='block_1_10' title="bbox 152 4443 492 4516">
    <p class='ocr_par' dir='ltr' id='par_1_18' title="bbox 152 4443 492 4516">
     <span class='ocr_line' id='line_1_34' title="bbox 152 4443 492 4516; baseline 0 -16"><span class='ocrx_word' id='word_1_241' title='bbox 152 4443 178 4514; x_wconf 76' lang='grc'><strong>*1</strong></span> <span class='ocrx_word' id='word_1_242' title='bbox 198 4446 251 4516; x_wconf 80' lang='lat' dir='ltr'><strong>[uf.</strong></span> <span class='ocrx_word' id='word_1_243' title='bbox 272 4463 356 4516; x_wconf 87' lang='lat' dir='ltr'><strong>supra</strong></span> <span class='ocrx_word' id='word_1_244' title='bbox 372 4464 399 4514; x_wconf 90' lang='lat' dir='ltr'><strong>p.</strong></span> <span class='ocrx_word' id='word_1_245' title='bbox 419 4446 492 4516; x_wconf 76' lang='grc'><strong>387]</strong></span> 
     </span>
    </p>
   </div>
   <div class='ocr_carea' id='block_1_11' title="bbox 118 4571 525 4608">
    <p class='ocr_par' dir='ltr' id='par_1_19' title="bbox 118 4571 525 4608">
     <span class='ocr_line' id='line_1_35' title="bbox 118 4571 525 4608; baseline 0.005 -4"><span class='ocrx_word' id='word_1_246' title='bbox 118 4571 158 4605; x_wconf 74' lang='lat' dir='ltr'><strong>FB.</strong></span> <span class='ocrx_word' id='word_1_247' title='bbox 177 4571 327 4607; x_wconf 70' lang='lat' dir='ltr'>RITSCHELU</span> <span class='ocrx_word' id='word_1_248' title='bbox 346 4573 481 4608; x_wconf 70' lang='lat' dir='ltr'><strong>orvscvu</strong></span> <span class='ocrx_word' id='word_1_249' title='bbox 501 4573 525 4607; x_wconf 86' lang='lat' dir='ltr'><strong>V.</strong></span> 
     </span>
    </p>
   </div>
   <div class='ocr_carea' id='block_1_12' title="bbox 0 0 1474 5004">
    <p class='ocr_par' dir='ltr' id='par_1_20' title="bbox 0 0 1474 5004">
     <span class='ocr_line' id='line_1_36' title="bbox 0 0 1474 5004; baseline 0 1"><span class='ocrx_word' id='word_1_250' title='bbox 0 0 1474 5004; x_wconf 95' lang='lat' dir='ltr'><strong> </strong></span> 
     </span>
    </p>
   </div>
  </div>
 </body>
</html>
