2940 5004
360 339 432 387 nvo
456 339 722 388 Paooannunnn
746 340 934 387 ennvmnn.
1033 313 1039 324 '

420 571 544 637 anvs.
590 572 881 639 Annnnonniuns.

589 731 712 798 Lucvs.

124 854 166 918 Di
190 855 282 920 illum
306 854 471 921 infelicent
494 858 615 942 (immeo,
639 858 694 942 qui
718 861 793 942 post
816 857 901 922 hdnc
925 856 1009 922 diem
1049 852 1051 855 ’

123 960 209 1027 Leno
233 963 333 1027 ullam
356 961 477 1028 Veneri
499 987 653 1049 umquam
677 963 855 1028 immolarit
877 963 1027 1048 hostiam,

123 1067 227 1144 Quinc
249 1069 351 1134 ullum
374 1071 457 1135 turis
480 1072 619 1157 granum
642 1070 889 1135 sacruficiuerit.

122 1173 207 1239 Nam
231 1196 292 1260 ego
315 1177 410 1243 hodie
433 1178 546 1243 infelix
571 1175 639 1243 deis
663 1177 744 1242 meis
768 1177 963 1242 iratissumis

122 1279 183 1346 Sex
207 1266 310 1367 cignos
334 1284 503 1349 immoliui
525 1307 585 1349 nec
608 1282 704 1369 potui
724 1289 834 1350 tamen
1022 1361 1024 1365 y

50 1440 61 1456 .
121 1387 300 1472 Propitiam
324 1388 483 1454 Venerem
506 1390 614 1455 ficere
637 1391 684 1455 uti
707 1391 773 1455 iam
797 1393 883 1456 esset
906 1391 994 1456 mihi.

122 1494 279 1571 Quoniam
303 1496 396 1560 litare
420 1499 553 1581 nequeo,
577 1517 637 1583 ego
660 1498 725 1562 abii
750 1498 833 1562 illim
856 1496 932 1563 ssico

121 1602 241 1667 Iratus:
265 1607 340 1668 exta
362 1605 453 1669 notui
477 1605 679 1688 prosicarier.

120 1710 169 1775 Eo
193 1712 288 1794 picto
313 1732 430 1776 auarao
454 1711 574 1776 Ve'neri
596 1713 708 1796 pulcre
733 1711 800 1777 adii
821 1734 966 1794 manum.¹

121 1817 256 1893 Quando
279 1816 312 1882 id
337 1818 421 1902 quod
446 1822 496 1906 sat
520 1823 590 1883 erat
614 1819 694 1883 sitis
718 1818 838 1884 habere
862 1820 976 1900 noluit,

120 1924 192 2010 Ego
216 1929 352 2009 pausam
375 1925 444 1990 feci.
482 1923 528 1989 sic
553 1944 624 2010 ago,
647 1926 693 1989 sic
717 1926 768 1989 mei
791 1926 890 1990 decet.

120 2031 192 2117 Ego
215 2032 290 2096 fixo
313 2031 451 2116 posthac
475 2029 530 2097 dei
551 2032 693 2117 deaeque
716 2032 815 2097 ce‘teri

121 2135 346 2204 Contentiores
370 2140 464 2225 mage
488 2143 582 2203 erunt
606 2142 702 2223 atque
726 2135 817 2202 auidi
838 2137 952 2220 minus,

121 2244 204 2322 Qum
228 2243 363 2310 scibunt
385 2246 505 2311 Veneri
528 2251 565 2311 ut
588 2246 704 2310 adierit
727 2245 800 2309 leno
825 2229 966 2310 manum.

120 2351 286 2439 Condigne
309 2351 484 2438 haruspex,
507 2357 573 2419 non
597 2353 693 2418 homo
716 2353 863 2432 trioboli,

119 2458 278 2525 Omnibus
302 2461 336 2524 in
359 2462 440 2525 extis
465 2459 557 2525 aibat
579 2459 729 2543 portendi
752 2460 831 2524 mihi

119 2566 240 2631 Malum
265 2566 481 2652 damnumque
505 2572 537 2632 et
561 2568 638 2633 deos
661 2591 732 2633 esse
755 2569 857 2632 iratos
880 2568 970 2632 mihi.

119 2673 202 2749 Quid
226 2672 259 2737 ei
279 2674 381 2740 diuini
404 2679 460 2739 aut
483 2674 617 2739 hdmani
640 2678 811 2759 aequomst
833 2673 983 2738 credere?

118 2781 203 2847 Nam
227 2779 315 2845 mina
338 2780 383 2843 mi
395 2781 535 2871 ‘argenti
559 2782 643 2846 dono
667 2781 798 2864 postilla
822 2780 938 2845 datast.

119 2885 179 2953 Sed
204 2891 323 2973 quaeso
343 2888 477 2952 ubinam
501 2887 570 2952 illic
593 2889 715 2953 restitit
739 2889 840 2971 milen,
864 2886 959 2952 modo

1165 2906 1217 2955 cuo
1299 2894 1308 2912 ⁹

118 2994 181 3072 Qui
204 2995 288 3060 hanc
311 2992 393 3058 mssii
416 2994 559 3078 donauit,
582 3017 677 3079 quem
700 2996 760 3080 ego
786 2996 900 3060 uocaui
923 2995 963 3060 ad
987 2996 1182 3079 prandium?

118 3099 181 3166 Sed
203 3103 312 3167 eccum
336 3101 464 3166 incedit.

500 3228 791 3291 Annnnounmns,

589 3317 641 3397 ita
664 3337 700 3396 nt
723 3333 833 3416 occepi
857 3331 973 3417 dicere,

117 3442 259 3526 Lennlle,
283 3442 321 3506 de
345 3441 419 3506 illac
443 3445 553 3527 pigna
575 3438 858 3522 Ptenunthnipica,

119 3549 223 3626 Quom
247 3550 418 3633 sexaginta
441 3547 532 3613 milia
555 3548 724 3615 hominum
748 3547 812 3611 nno
837 3545 889 3610 die

117 3654 339 3721 Volaticorum
361 3652 642 3721 minibns'ocoidi
662 3655 742 3719 meis

583 3780 706 3847 anvs.

117 3886 200 3970 Eho,

117 3995 381 4060 Volaticorumne
405 3993 595 4058 himinum?

499 4120 790 4185 Annnnonmnas.

657 4227 709 4292 Ita
732 4227 821 4291 deici
844 4227 981 4311 quidem.

581 4333 705 4400 Lycvs.

118 4444 169 4506 An
193 4444 327 4507 obsecro
351 4465 488 4527 nsquam
512 4444 588 4505 sunt
610 4441 757 4506 homines
781 4441 935 4506 uolatici‘?

126 4566 166 4601 Fa.
184 4566 333 4601 m'rscunall
352 4565 488 4603 OPVSCVLA
506 4565 531 4600 Y.
968 4553 1003 4602 36
