2992 5004
410 352 674 402 unsnnlriorus
698 324 907 402 PLAVTINAE.
1172 336 1236 402 357

24 553 29 562 .
90 497 209 583 reliqui
241 497 390 580 fecerint,
422 497 503 561 satis
532 500 620 562 certo
648 496 775 562 definiri
802 498 928 582 nequit:
962 498 1131 582 aliquanto
1164 498 1238 584 plus

88 605 189 671 fuisse
221 626 319 691 quam
352 602 477 669 Naekio
510 605 616 670 visum
650 608 699 671 est
730 603 847 691 Opuso.
874 605 953 689 phil.
981 604 997 668 I
1025 629 1055 690 p.
1082 606 1142 671 187
1160 628 1238 691 sqq,

89 714 170 779 talia
189 713 365 778 ostendunt
383 713 477 796 quale
491 713 654 797 Philologi
675 713 737 778 vol.
752 713 768 777 I
782 735 813 796 p.
828 713 893 778 309
910 716 965 794 [=
981 712 1097 798 Opnso.
1112 713 1191 797 phil.
1206 712 1238 778 ΙΙ

88 846 119 907 p.
144 819 222 900 285]
248 819 386 883 diximus
414 821 523 903 sperata
551 841 622 884 essa
647 843 709 904 pro
733 821 852 885 innato.
898 820 1020 887 Verum
1044 823 1237 903 esttamen,

89 927 322 1013 propemodum
351 932 540 993 constanter
566 929 601 992 in
629 928 842 993 substantivis
867 935 982 1012 ynatem
1006 934 1104 1012 pnoto
1128 950 1150 1012 p
1173 950 1237 993 ser·

88 1035 167 1100 vari.
193 1071 232 1081 -
260 1031 382 1099 Contra
405 1037 503 1119 atque
526 1035 560 1100 in
583 1034 634 1100 hie
663 1036 812 1100 omnibus
837 1037 957 1102 extrita
979 1036 1090 1101 littera
1112 1057 1239 1101 rasam
1358 1087 1363 1095 .

88 1165 148 1226 pro
170 1163 297 1208 rursum
316 1142 481 1228 antiquior
500 1146 590 1207 aetas
609 1144 761 1228 probavit
779 1165 852 1209 cum
871 1143 1048 1209 similibus:
1070 1165 1130 1209 neo
1148 1136 1238 1228 prae-

88 1240 299 1316 termiserunt
321 1251 528 1335 grammatici
545 1254 583 1316 ut
596 1251 783 1316 Priscianus
802 1251 817 1317 I
833 1275 863 1336 p.
878 1251 954 1336 559,
977 1251 1090 1317 Velius
1105 1250 1237 1336 Longus
1296 1325 1297 1328 Ἴ

87 1382 118 1443 p.
147 1359 243 1422 2237.
289 1356 374 1422 Hinc
404 1358 507 1442 igitur
537 1362 599 1439 est,
630 1358 716 1444 quod
747 1382 775 1424 v.
802 1361 864 1425 182
894 1365 951 1425 aut
978 1362 1092 1425 redemi
1118 1359 1238 1440 ruffam

88 1469 145 1531 aut
163 1466 304 1530 ναααααά2
321 1465 389 1546 snm
407 1469 458 1530 est
476 1465 509 1530 in
528 1466 622 1558 libris
641 1463 763 1552 mss.*)‚
780 1467 860 1532 item
874 1488 1011 1551 prosus
1029 1490 1088 1552 pro
1105 1488 1238 1550 prorsas

88 1596 118 1640 v.
135 1573 199 1638 730
214 1573 248 1636 in
262 1572 304 1639 B.
336 1573 382 1637 Et
399 1593 508 1638 rusam
531 1573 659 1658 quidem
679 1577 797 1639 testem
816 1576 850 1641 B
869 1575 970 1641 habet
988 1575 1086 1641 etiam
1100 1573 1197 1639 Mero.
1212 1575 1238 1659 Ι,
1335 1568 1336 1571 '

89 1683 117 1764 1,
141 1681 183 1746 68
208 1679 279 1765 (ubi
302 1680 381 1745 lusit
408 1684 506 1764 poeta
528 1681 562 1746 in
584 1702 640 1746 rna
661 1682 785 1767 rusum)
813 1688 847 1748 et
868 1682 910 1766 ΙΙ,
933 1684 963 1767 2,
987 1684 1039 1766 25,
1062 1681 1237 1765 eodemque

86 1788 265 1871 scripturae
293 1787 480 1872 depravatio
510 1789 597 1853 valet
629 1794 662 1853 tn
694 1790 761 1870 som
788 1789 908 1854 Persae
931 1789 971 1873 V,
994 1792 1030 1873 2,
1052 1790 1108 1871 29,
1140 1789 1238 1869 risum

89 1893 181 1960 Cure.
204 1893 244 1972 V,
267 1894 297 1976 2,
320 1895 355 1958 5:
379 1894 413 1958 in
437 1895 505 1960 solo
530 1894 686 1962 Cressam
708 1897 836 1981 repperi
858 1895 925 1961 Mil.
947 1896 1007 1980 ΙΠ,
1032 1898 1060 1981 1,
1106 1898 1157 1962 78.
1198 1895 1237 1960 In

85 2000 198 2067 eodem
219 2022 334 2084 pressu
355 2001 456 2067 habes
480 2001 662 2086 Most.I‚3,
683 2004 756 2087 149,
773 2025 906 2086 prosum
928 2003 1048 2068 Persae
1072 2001 1130 2087 lv,
1152 2004 1182 2081 3,
1207 2004 1236 2086 8,

88 2110 123 2175 in
146 2109 180 2174 B
198 2109 339 2192 pressum
363 2107 443 2174 (list.
467 2109 524 2194 IV,
546 2111 577 2192 2,
600 2110 652 2174 32.
697 2108 917 2196 Propinquum
941 2110 992 2175 his
1014 2130 1140 2176 susum
1162 2108 1235 2174 BD

89 2221 261 2283 servarunt
274 2217 391 2302 Amph.
410 2215 469 2299 ΙΙΙ,
489 2224 518 2301 4,
541 2217 593 2300 25,
617 2217 701 2301 quod
725 2218 760 2282 in
781 2218 838 2300 sas
852 2220 917 2282 iona
940 2217 1072 2282 transiit
1096 2214 1175 2282 Cist.
1194 2217 1236 2304 Π,

89 2325 120 2409 3,
145 2325 195 2389 78.
240 2324 292 2390 Ab
316 2324 377 2389 hao
400 2325 503 2410 igitur
526 2324 688 2389 scribendi
711 2325 837 2415 ratione
861 2325 999 2408 profecti
1022 2324 1236 2389 certissimam

89 2432 287 2517 eandemque
315 2430 591 2518 simplicissimam
619 2432 812 2497 medicinam
836 2455 936 2518 prope
961 2433 1131 2518 desperato
1154 2433 1235 2497 mul-

87 2542 263 2623 torumquev
283 2539 476 2604 coniecturis
500 2544 616 2606 vexato
638 2541 747 2606 versui
773 2541 859 2605 1130
882 2540 1102 2606 adhibuimus:

176 2680 263 2746 Nam
286 2681 487 2767 beneficium,
510 2683 636 2748 homini
661 2684 826 2769 proprium
851 2683 936 2769 quod
961 2683 1064 2768 datur,
1081 2702 1235 2766 prosum

937 2792 1042 2873 perit

28 2964 32 2981 ·
87 2957 145 3020 pro
169 2957 207 3000 eo
231 2933 317 3020 quod
341 2937 392 2998 est
413 2935 449 2998 in
472 2934 564 2999 libris
582 2932 869 3020 prosnmpserlt.**)

176 3040 224 3106 De
254 3042 328 3107 aliis
357 3041 549 3126 quibusdam
577 3039 683 3106 dicam
711 3040 904 3124 promiscue.
950 3038 1155 3125 Exquisitum
1184 3043 1235 3104 est

86 3149 121 3213 in
152 3148 186 3213 B
217 3153 249 3214 et
283 3149 333 3230 [ut
366 3148 504 3229 videtur]
538 3149 570 3213 Α
602 3170 630 3213 v.
654 3148 720 3213 426
753 3151 917 3212 servatum
944 3146 1147 3211 debibna'sti
1174 3168 1234 3230 pro

85 3257 223 3335 debeata,
247 3256 337 3321 ouius
356 3256 496 3322 alterum
521 3257 701 3341 exemplum
724 3256 855 3340 ignoro:
878 3254 1132 3342 comparandum
1154 3253 1234 3317 illud
1249 3274 1288 3315 ov

86 3387 158 3430 oum
172 3360 478 3451 praebiberc***),
498 3387 595 3449 quam
610 3365 744 3429 Plautus
758 3365 899 3429 formam
913 3363 1016 3428 solam
1035 3362 1139 3428 novit:
1158 3384 1234 3426 nam

80 3473 227 3556 praebere
252 3473 287 3536 in
315 3471 450 3537 noviciis
479 3475 606 3536 tantum
633 3472 727 3537 libris
756 3474 872 3537 exstat.
894 3507 936 3517 —
960 3469 1100 3554 Respuit
1127 3473 1234 3534 autem

87 3580 266 3665 antiquitas
294 3580 445 3646 vitiosam
468 3581 675 3662 nequrdqnum
696 3580 850 3664 formam,
877 3600 936 3664 pro
960 3601 1023 3663 qua
1046 3578 1124 3643 boni
1147 3576 1235 3641 codi-

87 3709 139 3753 ces
169 3691 299 3753 tantum
326 3710 391 3754 non
420 3709 550 3773 semper
576 3690 798 3771 nequiquam
825 3690 952 3770 tenent,
979 3690 1067 3750 ut'v.
1091 3685 1171 3750 973:
1199 3687 1235 3747 ut

88 3817 221 3880 prorsus
244 3799 376 3880 praeter
398 3818 522 3861 morem
545 3797 597 3861 bis
621 3795 655 3861 in
679 3818 743 3860 una
764 3795 885 3879 fabula,
914 3817 942 3858 v.
965 3794 1041 3858 440.
1065 3791 1138 3877 565,
1162 3813 1234 3874 pra·

86 3924 147 3968 vae
171 3902 350 3987 scripturae
374 3902 516 3988 vestigia
538 3903 573 3967 in
595 3903 672 3969 illos
695 3900 932 3987 irrepserint.†)

178 4007 292 4075 Certas
322 4014 428 4077 autem
459 4011 624 4077 cautiones
653 4011 808 4095 quasdam
837 4009 1073 4095 interrogativa
1095 4029 1138 4072 ne
1160 4027 1234 4090 par-

177 4227 203 4291 *)
223 4222 274 4292 [uf.
296 4222 396 4293 Opusc.
415 4222 485 4293 phil.
504 4224 530 4277 ΙΙ
549 4241 575 4292 p.
595 4227 655 4276 259.
676 4226 727 4275 544
739 4239 780 4290 sq.
800 4222 872 4289 vla]

161 4316 205 4380 **)
225 4315 366 4382 [prorsam
379 4314 454 4382 perit
471 4312 528 4366 iam
547 4309 722 4366 Boxhol‘nius
740 4309 958 4378 emendaverat]

142 4405 202 4469 ***)
223 4400 276 4472 [Ol
297 4400 398 4470 Opuso.
417 4400 487 4470 phil.
506 4401 531 4454 ll
550 4417 577 4469 p.
597 4399 711 4467 400sq.]

178 4491 207 4558 †)
227 4485 279 4560 [cf.
299 4489 370 4544 Nov.
391 4505 448 4544 exo.
468 4489 559 4544 Plaut.
580 4489 591 4541 l
611 4506 637 4557 p.
658 4489 754 4556 ovaq]
