3014 5018
358 358 431 404 UNI)
455 357 515 404 Dlll
540 356 728 404 LEIPZIGER
752 354 1072 404 PLAU'I'USSTUDIEN.
1248 338 1288 402 91

141 515 168 552 v.
188 503 232 554 ⁶9.
256 497 419 553 Institutum
439 497 492 553 hoc
515 497 670 567 priscorum
689 498 765 553 certe
784 495 955 552 laudandum
973 496 1035 563 fuit,
1055 512 1110 566 quo
1128 498 1161 551 ιιι
1179 512 1292 551 suorum

213 586 323 642 animos
341 587 466 643 honestis
484 586 584 642 studiis
603 586 760 641 imbuerent
778 603 811 641 ac
834 585 864 640 in
878 586 981 641 virtute
999 585 1189 655 principatum
1207 587 1291 655 puta·

216 679 292 743 rent,
317 676 488 732 cantilenam
507 675 564 731 illis
583 676 739 746 dictabant,
762 675 840 730 cuins
859 675 929 730 hoec
947 677 1009 730 erat
1026 674 1178 742 sententia,
1197 690 1292 745 regem

216 782 280 820 eum
299 764 427 834 assequi
447 767 521 821 recte
540 767 571 820 et
587 765 704 821 honeste
725 766 830 835 ageret.

143 873 167 910 ι.
188 861 231 911 61.
255 854 357 909 Lucius
381 853 498 910 Roscius
522 853 610 910 Ottho
634 854 731 910 consul
752 854 844 924 legem
869 853 948 920 tulit,
972 853 1055 908 utin
1078 854 1190 909 theatro
1216 853 1292 923 equi·

213 943 291 999 tibus
320 944 442 999 romanis
470 944 581 1000 ordines
609 943 835 1014 quattuordecim
861 943 1008 1013 specta-ndi
1033 942 1125 1014 gratia
1150 943 1292 1000 darentur.

216 1032 304 1088 Ottho
333 1032 460 1088 tribunus
489 1033 580 1104 plebis
604 1032 697 1103 legem
725 1033 804 1102 tulit,
837 1050 873 1088 ne
903 1031 966 1102 quis
992 1032 1021 1087 in
1046 1032 1142 1088 ordine
1170 1034 1292 1102 equest'

215 1123 390 1192 spectaturus
404 1122 522 1190 sederet,
536 1120 590 1177 nisi
604 1122 733 1177 sestertia
747 1121 934 1192 qnadraginta
948 1121 1028 1176 milia
1040 1121 1203 1191 possideret,
1218 1122 1293 1192 qood

215 1212 239 1266 ei
253 1212 436 1283 contingeret,
454 1211 581 1281 quisquis
599 1214 672 1268 esset
685 1212 744 1266 sive
758 1211 896 1281 ingenuus
911 1212 969 1267 sive
984 1211 1110 1280 libertus,
1131 1211 1204 1266 inter
1217 1210 1293 1280 equi·

216 1302 259 1355 tes
279 1303 406 1371 spectare
424 1302 450 1356 ei
468 1302 567 1357 liceret
584 1302 613 1356 in
630 1301 720 1371 gradu
738 1301 847 1356 decimo
865 1303 973 1370 quarto.

143 1409 169 1446 v.
191 1397 234 1445 ot.
257 1390 383 1461 Puppius
408 1391 471 1461 ille,
494 1390 573 1447 cuius
597 1389 642 1447 hio
666 1391 799 1447 Horatius
818 1391 958 1458 meminit,
982 1392 1068 1462 poeta
1089 1387 1214 1460 tragicus
1232 1389 1294 1458 luit,

216 1478 258 1533 ita
277 1477 393 1534 affectus
412 1478 556 1535 hominum
576 1495 700 1547 movens,
718 1478 826 1534 stillis
844 1479 1003 1548 lachrymas
1021 1478 1185 1549 frequenter
1201 1478 1294 1534 conci-

215 1569 296 1624 taret.
338 1567 437 1625 Posuit
462 1571 556 1624 autem
583 1569 630 1624 hic
655 1568 731 1624 illius
758 1567 870 1623 fabulas
898 1585 950 1638 pro
974 1568 1050 1624 omni
1078 1569 1240 1639 spectaculo
1264 1567 1294 1622 in

217 1657 329 1713 theatro
348 1657 395 1728 agi
414 1657 505 1713 solito.

142 1764 169 1802 ι.
190 1752 233 1801 70.
257 1745 405 1803 Rationem
430 1746 571 1818 siguificat
589 1747 688 1817 poeta,
714 1763 763 1801 cur
785 1763 840 1801 non
859 1745 958 1801 eodem
976 1746 1080 1802 iudicio
1100 1762 1155 1816 quo
1173 1747 1294 1816 populus

216 1851 347 1891 romanus
365 1838 470 1905 utatur,
493 1852 579 1907 quam
598 1852 632 1891 er
649 1835 788 1906 Aesopioo
808 1836 929 1906 apologo
947 1835 1083 1906 graphice
1102 1838 1131 1890 et
1151 1835 1295 1906 eleganter

215 1925 364 1996 depromit,
400 1925 519 1981 Viderat
541 1925 610 1981 olim
634 1924 784 1993 vulpecula
807 1926 902 1978 astuta
926 1924 987 1979 iera
1010 1925 1164 1982 multorum
1187 1925 1293 1980 anima·

222 2016 290 2070 lium
304 2015 424 2086 vestigia
442 2016 518 2088 apud
536 2013 626 2070 leonis
645 2015 765 2081 anuum,
784 2012 834 2068 sed
852 2011 893 2067 ita
912 2014 1022 2068 tontum
1040 2016 1072 2068 ut
1089 2013 1184 2069 omnia
1203 2016 1296 2070 essent

219 2105 436 2177 ingredientium
461 2107 491 2160 et
515 2121 571 2160 non
590 2102 765 2169 exeuntinm3
796 2118 868 2171 quae
889 2103 1048 2158 coniectura
1073 2105 1135 2159 rata
1162 2104 1192 2159 id
1219 2104 1295 2173 quod

218 2197 287 2262 erat,
306 2194 369 2251 ideo
387 2211 444 2250 non
462 2193 553 2250 redire
571 2194 712 2263 ingressas
731 2192 813 2261 feres,
832 2191 907 2262 quod
926 2192 970 2249 leo
985 2191 1049 2248 illas
1064 2195 1184 2261 voraret,
1203 2193 1296 2248 noluit

216 2283 334 2354 ingredi,
353 2287 383 2340 et
400 2284 512 2354 roganti
530 2283 615 2350 leoni,
633 2299 683 2336 cur
700 2298 757 2337 non
774 2281 981 2352 ingrederetur,
999 2282 1143 2352 respondit
1160 2282 1294 2338 deterreri

217 2373 358 2444 vestigiis,
381 2389 453 2444 quae
477 2372 595 2428 adversa
617 2370 684 2440 sibi,
712 2386 767 2426 non
791 2374 886 2427 autem
909 2387 1008 2427 aversa
1031 2372 1128 2428 essent
1166 2371 1204 2426 Vt
1228 2388 1294 2442 ergo

182 2450 190 2460 ⁰
217 2480 251 2519 ex
270 2461 396 2534 vestigiis
414 2462 560 2518 interitum
578 2478 659 2516 suum
678 2460 797 2516 timebat
814 2460 922 2530 vulpes,
940 2460 964 2515 si
983 2460 1019 2516 ad
1037 2461 1148 2518 leonem
1165 2460 1293 2532 ingrede-

218 2555 307 2622 retur,
332 2552 373 2607 sic
396 2551 560 2623 signarunt
579 2567 652 2621 quse
670 2550 820 2621 pernitiem
838 2549 1003 2606 minitentur
1020 2552 1133 2620 poetae,
1157 2567 1214 2606 nou
1234 2548 1295 2605 'dari

221 2641 274 2696 sibi
293 2640 415 2696 reditum
434 2657 451 2696 a
470 2640 555 2709 vitiis,
575 2639 600 2694 si
618 2639 654 2695 ad
672 2639 724 2695 ills
741 2640 828 2695 semel
846 2639 987 2709 ingressus
1005 2639 1098 2695 fuerit.

145 2750 171 2786 v.
194 2736 237 2786 79.
263 2729 430 2800 Metaphora
452 2732 497 2784 est
519 2746 537 2783 a
561 2745 591 2784 re
613 2728 767 2799 piscatoria
784 2728 922 2783 translata
939 2729 993 2783 hoc
1012 2745 1106 2784 sensu:
1127 2729 1200 2785 sicut
1218 2729 1293 2784 enim

219 2819 295 2889 capti
312 2820 403 2889 pisces
422 2819 572 2874 mittuntur
585 2818 614 2873 in
629 2817 746 2887 vivaria,
764 2818 848 2874 itaet
868 2818 929 2888 ipss
943 2834 1045 2874 avarus
1059 2820 1157 2889 captos
1172 2819 1296 2875 custodit

221 2924 309 2976 senes,
328 2923 363 2963 ne
382 2907 544 2977 evadant.*)

145 3019 173 3054 v.
197 3004 241 3054 83.
266 2998 351 3054 Baias
370 2997 510 3067 Buisrum,
529 2998 663 3069 plurativi
681 2997 790 3074 numeri
808 2999 929 3066 tantum,
948 2997 1047 3054 civitas
1066 3000 1109 3053 est
1127 2996 1296 3068 Campaniae

219 3087 416 3145 amoeumsima
438 3103 517 3142 seem
542 3104 618 3143 mare
642 3087 712 3157 sita,
735 3103 836 3143 nomen
859 3087 966 3145 habens
985 3103 1003 3142 a
1020 3087 1090 3143 Baio
1109 3085 1200 3140 Vlixis
1218 3085 1295 3142 socio

219 3177 278 3233 illic
291 3176 417 3247 sepulto;
435 3176 466 3230 iu
478 3174 562 3230 huius
577 3192 645 3246 agro
659 3178 775 3247 propter
788 3192 875 3245 aquas
890 3175 995 3231 calidas
1015 3177 1044 3231 et
1062 3176 1098 3230 ad
1117 3176 1294 3245 voluptatem

220 3268 249 3322 et
266 3266 301 3321 ad
320 3264 413 3320 varios
431 3265 543 3321 morbos
562 3263 724 3320 commodas
742 3265 921 3334 prepotentes
944 3263 987 3318 illi
1006 3266 1036 3318 et
1053 3264 1157 3320 divites
1175 3264 1294 3319 Romani

220 3354 349 3411 aedificia
366 3354 476 3426 magnis
490 3353 624 3424 impensis
643 3355 785 3409 exstruere
803 3353 940 3421 solebant,
959 3354 1034 3422 quod
1047 3354 1095 3409 hic
1108 3352 1195 3408 etiam
1209 3354 1295 3423 pocla

221 3445 309 3500 notat.

149 3554 175 3591 v.
197 3541 240 3589 90.
265 3533 402 3589 Protheus
421 3531 526 3588 Oceani
548 3534 578 3588 et
595 3531 711 3588 Thetios
730 3531 804 3587 filius
821 3531 884 3601 fuit,
903 3533 982 3587 vates
1001 3531 1178 3600 clarissimus,
1197 3530 1246 3600 qui
1265 3547 1294 3586 ee

221 3623 250 3676 in
269 3621 361 3678 varias
379 3622 484 3678 formas
502 3621 643 3690 mutabat,
662 3622 776 3677 auctore
796 3620 897 3677 Ovidio
916 3621 1018 3676 libros
1037 3621 1295 3691 metamorphoseos

220 3711 283 3782 [²2¹
304 3710 377 3781 sou]

312 3833 396 3892 ‘Sunt
414 3835 515 3904 quibus
533 3836 562 3890 in
580 3835 675 3907 plures
694 3835 736 3894 ius
754 3838 798 3891 est
816 3835 934 3890 transire
953 3835 1065 3904 figuras,

309 3924 347 3979 Vt
364 3923 426 3992 tibi,
446 3924 584 3996 complexi
603 3926 707 3980 terram
725 3924 810 3980 maris
829 3924 931 3993 incola,
951 3924 1081 3979 Protheu.

309 4013 382 4068 Nam
401 4013 484 4068 modo
502 4015 531 4068 te
548 4013 686 4083 iuvenem,
706 4014 787 4070 modo
806 4016 835 4069 te
854 4013 948 4068 videre
966 4012 1085 4079 leonem,

309 4102 391 4157 Nunc
408 4100 548 4157 violentus
566 4103 644 4173 aper’
665 4104 717 4158 etc.
755 4103 830 4172 Lege
848 4101 953 4157 ibidem
974 4101 1112 4157 Ovidium.

149 4247 178 4281 v.
201 4234 261 4281 102.
288 4228 361 4282 Nam
387 4228 436 4298 qui
461 4228 510 4281 aut
537 4228 597 4282 atre
623 4226 687 4282 bilis
713 4228 856 4283 astallus
879 4227 1003 4283 humoris
1026 4225 1170 4282 effluentia
1188 4231 1296 4298 peccat,

222 4315 330 4371 medico
349 4316 487 4372 curandus
504 4316 626 4372 traditur
648 4320 677 4373 et
695 4318 738 4372 illi
757 4335 870 4374 suorum
892 4317 1028 4373 bonorum
1047 4317 1191 4373 curatione
1209 4317 1293 4373 inter-

224 4475 250 4543 *)
270 4477 330 4532 Vos
351 4476 439 4548 ‘capti
457 4477 559 4547 pisces’
580 4478 622 4533 bis
643 4478 788 4535 ‘eradant'
808 4477 938 4535 wortlich
957 4495 1008 4535 aus
1026 4477 1143 4537 Landim
