2918 5004
405 420 408 425 ,
461 374 696 423 ιΔτΕιΝιεοΗΕ
719 350 850 422 raanan.¹
1117 344 1122 350 ⁹
1158 357 1222 422 639

81 519 147 582 tius
171 519 391 603 excipiebatur
415 519 516 603 erepti
539 518 615 583 huic
639 518 822 582 litterarum
848 517 1054 581 universitati
1077 518 1224 601 fautoris,

82 626 224 710 patroni,
248 627 498 709 conservatoria,
522 625 630 690 Liberi
654 623 794 690 Baronis
819 623 952 690 (incola
983 624 1022 687 de
1047 622 1150 688 Saum
1181 626 1221 689 ab

82 732 275 797 Altenstein.
322 732 381 798 Cui
410 735 437 798 si
466 756 531 798 non
560 733 634 817 plus
665 735 752 798 elma
775 733 932 797 Rhenana
959 753 1055 815 quam
1079 732 1222 815 reliquae

79 839 261 905 litterarum
291 839 382 904 sedes
407 841 531 925 patriae
555 839 700 922 deberet,
729 840 780 905 vel
805 839 851 903 sio
874 839 930 902 illa
953 842 1005 903 sat
1027 838 1221 922 locupletem

80 946 215 1011 haberet
246 947 378 1032 lugendi
409 969 566 1031 caussam.
619 946 748 1023 Qiranto
781 947 883 1030 igitur
913 945 1084 1010 afflietiore
1115 947 1222 1010 animo

78 1075 137 1136 par
164 1053 228 1118 fuit
255 1075 326 1118 earn
355 1054 598 1118 universitatem
626 1074 710 1136 esse,
744 1076 825 1137 quae
856 1056 968 1117 mutuo
993 1053 1222 1118 beneficiorum

78 1164 112 1224 et
140 1161 273 1244 pietatis
303 1160 429 1223 vinculo
458 1144 526 1224 tarn
556 1164 625 1237 arte
654 1182 726 1224 cum
755 1160 815 1224 Illo
844 1160 1085 1243 continebatur,
1117 1165 1154 1225 ut
1181 1182 1222 1223 ne

79 1267 277 1349 cogitatione
306 1265 437 1351 quidem
465 1266 575 1331 divelli
599 1267 766 1351 utriusque
789 1267 922 1331 nomina
944 1266 1095 1351 possint?
1140 1266 1222 1342 Qua-

78 1374 141 1437 lem
174 1374 260 1438 enim
293 1373 605 1439 Muuchhausenium
644 1398 736 1439 suum
770 1374 856 1439 alma
889 1372 1031 1458 Georgia
1063 1372 1222 1459 Augusta,

78 1480 179 1545 talem
211 1479 389 1546 Fridericia
423 1479 598 1545 Guilelmia
630 1479 787 1546 Rhenana
819 1481 888 1545 iure
921 1481 1102 1564 meritoque
1135 1481 1222 1564 colit,

78 1591 258 1669 veneratur,
277 1586 456 1652 admiratur
471 1587 734 1670 Alteusteinium,
749 1587 864 1652 Virum
883 1587 923 1671 in
936 1587 1048 1670 paucis
1067 1608 1221 1672 magnum

76 1698 109 1759 et
142 1699 178 1759 ut
209 1695 310 1759 libere
343 1694 447 1759 dicam
477 1694 621 1760 unicum:
655 1695 745 1759 euius
778 1717 872 1758 rarae
910 1693 1046 1757 virtutes
1080 1698 1113 1756 et
1146 1694 1221 1759 faci·

76 1823 158 1865 nora
185 1823 317 1884 prorsus
345 1801 461 1866 eximia
490 1823 563 1865 curn
591 1823 656 1865 non
680 1801 721 1864 ad
744 1799 934 1864 Borussicas
957 1803 1085 1864 tantum
1108 1806 1246 1885 terras,

77 1907 133 1971 sed
170 1907 209 1971 ad
247 1907 456 1971 Germaniam
492 1907 676 1970 universam
703 1906 901 1989 pertineant,
932 1910 1042 1970 tamen
1075 1907 1222 1991 gratiora

80 2035 176 2096 quam
199 2018 313 2077 nostra
336 2017 468 2096 pectora
491 2013 544 2076 vix
568 2034 715 2096 usquam.
729 2012 791 2076 sibi
811 2012 1020 2077 devinxerint.
1051 2012 1137 2078 Nam
1160 2015 1221 2079 etsi

78 2120 233 2202 primaria
261 2143 337 2184 saue
366 2120 435 2184 laus
464 2118 613 2183 conditae
636 2118 731 2182 huius
756 2117 922 2183 Musarum
950 2119 1035 2183 sedis
1064 2138 1099 2183 ΕΙ
1127 2120 1220 2185 debe·

79 2229 145 2308 tur,
178 2249 197 2289 a
230 2227 320 2291 cuius
354 2227 488 2290 summis
521 2225 674 2310 auspiciis
708 2229 837 2307 cuneta,
870 2227 986 2310 quibus
1016 2248 1074 2310 per
1103 2249 1219 2293 novem

79 2332 180 2396 ferme
209 2333 315 2397 lustra
343 2332 507 2397 cumulata
534 2333 643 2416 patria
670 2331 827 2413 effloruit,
859 2332 1015 2397 beneficia
1048 2335 1221 2417 repetenda

78 2443 162 2523 suut,
185 2438 428 2524 augustissimo
452 2439 791 2524 desideratissimoque
814 2439 1031 2504 Borussorum
1045 2440 1130 2526 Regi
1153 2443 1222 2506 vita

77 2566 162 2609 nunc
186 2545 352 2612 defuneto:
388 2551 498 2611 tamen
526 2550 693 2631 tamquam
722 2546 861 2617 alterum
884 2547 1085 2612 conditorem
1109 2552 1142 2612 et
1165 2571 1219 2631 pa·
1234 2574 1266 2613 1v

78 2654 202 2716 rentem
227 2654 388 2737 suspicere
412 2675 485 2717 eum
509 2651 560 2718 fas
584 2659 647 2738 est,
680 2655 770 2718 cuius
795 2653 1043 2737 sapientissimis
1067 2655 1219 2737 consiliis,

78 2781 178 2842 opera
200 2760 374 2843 indelessa,
407 2761 550 2844 ingenua
578 2761 773 2825 liberalitate
797 2782 834 2823 ac
857 2759 969 2826 favore
992 2762 1087 2846 plane
1110 2762 1219 2846 singu·

78 2864 139 2928 lari
169 2866 258 2929 iussa
284 2865 389 2952 Regia
419 2872 452 2930 et
482 2868 595 2931 effecta
625 2871 702 2930 sunt
731 2866 811 2930 olim
841 2872 875 2932 et
904 2890 963 2951 per
993 2868 1221 2953 longissimum

79 2970 227 3056 idemque
258 2972 481 3037 felicissimum
512 2974 668 3057 temporis
699 2975 842 3057 spatium
871 2980 1001 3040 strenue
1029 2978 1220 3040 sustentata.

78 3077 168 3153 Quae
191 3078 292 3143 animi
315 3101 411 3144 sensa
433 3102 507 3145 cum
530 3082 675 3144 omnium
700 3085 807 3146 essent
831 3083 1027 3167 communia,
1055 3082 1131 3166 quid
1155 3105 1221 3146 ma·

78 3186 129 3269 gis
163 3190 291 3269 poterat
323 3191 575 3252 consentaneum
608 3208 692 3270 esse,
729 3211 826 3273 quam
860 3190 944 3273 quod
982 3191 1114 3275 publica
1149 3211 1220 3254 cum

79 3294 237 3358 maeroris
266 3297 336 3358 tum
364 3294 544 3378 gratiarum
573 3295 802 3360 testificatione
824 3297 983 3381 praeclari
1006 3297 1077 3362 Viri
1102 3318 1220 3360 memo·

78 3401 160 3465 riam
194 3401 351 3466 celebrari
382 3400 576 3466 Academiae
605 3401 724 3467 Rector
757 3409 790 3467 et
821 3402 959 3468 Senatus
991 3403 1220 3470 decreverunt?

78 3505 279 3591 Exstititque
308 3509 377 3572 sine
406 3530 499 3573 mora
522 3513 693 3593 promptus
718 3510 758 3574 ad
772 3510 940 3576 'orandum
964 3512 1143 3576 communis
1167 3511 1219 3574 do-

79 3612 158 3677 loris
182 3613 351 3699 interpres,
374 3616 464 3680 cuius
488 3614 639 3680 facundia
662 3616 803 3681 dubitari
828 3619 942 3702 nequit
961 3619 1039 3703 quin
1057 3617 1221 3702 publicam

79 3720 354 3803 exspectationem
378 3744 443 3787 non
467 3725 639 3806 aequasset
662 3723 718 3786 sed
742 3730 940 3808 superasset:
978 3724 1220 3789 indicendorum

79 3829 188 3889 autem
208 3825 413 3892 sollemnium
431 3828 616 3893 funebrium
637 3852 753 3895 munus
771 3828 959 3896 mandatum
979 3836 1028 3897 eat
1046 3832 1220 3917 professori

80 3932 298 4018 eloquentiae,
331 3935 385 4019 qui
417 3935 580 4000 tralaticio
614 3958 702 4001 more
732 3937 916 4003 academico
945 3940 1050 4003 locum
1079 3938 1220 4022 aliquem

78 4129 144 4196 post
175 4127 304 4182 acerbam
333 4129 452 4183 mortem
477 4130 480 4196 Ι
505 4145 562 4183 nou
585 4130 727 4198 periturae
750 4130 941 4186 testimonium
958 4131 963 4198 Ι
979 4133 1087 4187 exstare
1106 4131 1218 4202 voluitl

79 4218 271 4272 universitatis
291 4218 447 4272 litterarum
464 4221 469 4286 Ι
489 4218 658 4273 Friderieiae
677 4218 844 4274 Guilelmiae
863 4221 1014 4275 ithacianae
1030 4224 1034 4289 Ι
1050 4221 1149 4290 pietas.
1166 4221 1171 4292 Ι
1187 4254 1219 4261 -

78 4304 153 4361 inest
176 4305 311 4361 Frideriei
334 4305 483 4362 ltitschelii
508 4307 562 4363 litt.
586 4308 672 4378 antiq.
697 4310 726 4362 et
749 4307 821 4377 eloq.
845 4308 914 4378 prof.
934 4327 961 4378 p.
980 4326 1003 4363 o
1023 4309 1220 4378 {corollarium

79 4392 277 4464 disputationis
301 4396 335 4451 de
360 4395 538 4450 bibliothecis
559 4396 753 4451 Alexandrinis
778 4398 868 4465 deque
886 4397 1027 4453 Pisistrati
1047 4402 1052 4467 1
1073 4399 1145 4453 curis
1165 4401 1220 4456 llo-

78 4484 196 4538 merieis.
216 4486 292 4556 [side
312 4487 413 4555 Opuso.
433 4485 445 4538 Ι
464 4503 491 4556 p.
513 4486 576 4556 123]
593 4489 598 4555 Ι
614 4484 720 4540 editum
740 4487 852 4541 Bonnae
869 4503 895 4542 a.
914 4492 1150 4559 cromoooxxxx.)
1232 4509 1233 4513 ¹
