2986 5010
271 332 336 397 384
557 346 822 396 Pacunconuus
844 347 892 393 nn
915 347 1125 396 usmomavs

133 516 257 559 cxxxvr
271 491 345 568 Nisi
369 491 453 576 quod
474 491 697 575 unusquisque
720 513 779 555 sua
803 496 918 575 sponte
941 491 1104 577 intellegit
1125 493 1315 573 correptum
1333 494 1418 573 peri·

270 604 421 665 stromata
448 621 514 664 non
537 599 644 685 magis
668 597 801 684 regulae
824 618 1005 683 repugnare
1029 621 1126 683 quam
1149 597 1305 680 Ptinppi.
1352 597 1419 664 Nec

124 731 259 774 cxxxvn
273 726 333 791 ego
362 704 555 788 qudmibrem
585 727 769 770 mensuram
797 704 938 771 concedo
961 704 1014 771 vel
1041 705 1270 771 necessitatem
1299 705 1420 771 habere

270 813 320 878 vel
350 812 568 879 defensionem
598 811 783 878 admittere:
820 812 898 898 quid
926 817 977 878 cst
1005 813 1091 878 enim
1119 812 1253 877 tandem
1282 835 1343 878 cur
1371 814 1421 878 vel

270 920 430 1004 ingratius
470 942 540 985 esse
572 920 623 985 vel
656 920 762 985 miuus
799 921 992 985 conveniens
1028 920 1149 985 rationi
1185 921 1421 1002 quamobrem

271 1050 367 1112 qnam
394 1027 697 1110 quemadmodum
725 1027 891 1093 dicamus?
928 1027 1014 1112 quod
1044 1027 1186 1093 noudum
1211 1028 1344 1093 exstitit
1367 1030 1419 1114 qni

270 1137 526 1219 petrosam
554 1134 693 1220 proferri
721 1136 855 1201 iuberet.
902 1133 1030 1201 (lartius
1059 1136 1157 1200 etiam
1186 1141 1239 1201 est
1268 1136 1421 1220 barbara,

271 1265 330 1309 nec
348 1243 408 1308 rel
417 1243 569 1309 Plautina
587 1243 637 1308 rel
661 1243 765 1308 latina
788 1265 858 1308 esse
882 1243 987 1308 tribus
1011 1243 1090 1308 adeo
1114 1242 1234 1308 litteris
1259 1245 1421 1328 correptis

271 1351 429 1434 improbus
459 1352 640 1432 imprudens
670 1351 784 1431 datore,
820 1351 872 1434 e'po
908 1350 1104 1429 ibtranccibo,
1139 1352 1217 1432 quid
1251 1351 1423 1433 tumebas

272 1456 362 1523 Trin.
385 1458 460 1524 318.
519 1456 590 1533 Quo
628 1457 791 1542 pertineat
828 1456 926 1523 etiam
963 1456 1219 1540 qaemidmodam
1255 1457 1423 1541 inpedwal

272 1588 301 1629 v.
325 1566 404 1648 236,
435 1565 500 1630 nisi
527 1565 561 1629 id
589 1566 634 1631 sit
660 1566 694 1630 in
722 1564 902 1630 octonario:
939 1587 1134 1650 quamquam
1158 1565 1211 1630 vel
1234 1567 1284 1631 sic
1308 1567 1422 1632 dubito

272 1696 349 1739 num
381 1695 447 1739 non
479 1693 536 1755 etp
566 1673 677 1758 potius
710 1673 905 1756 corripiatur
936 1694 1034 1758 quam
1060 1675 1095 1738 iu
1123 1697 1224 1739 unam
1255 1674 1420 1763 syllabam

272 1782 397 1846 modum
429 1779 635 1864 coalescat*)
689 1777 839 1845 Ceterum
872 1802 939 1845 uon
973 1781 1148 1846 obliviscor
1180 1780 1371 1865 simplicem
1401 1802 1423 1845 a

272 1920 328 1976 Vbi
353 1920 431 1991 Qadd
455 1925 486 1973 ta
509 1925 666 1990 arpentum,
689 1922 757 1989 quu's
779 1921 848 1974 mihi
870 1922 954 1975 tricas
973 1918 1091 1975 Bothius
1109 1921 1236 1991 reposuit
1253 1923 1422 1978 rectissime.

272 2010 316 2064 An
334 2025 369 2065 ue
386 2007 459 2064 illud
478 2007 591 2077 quidem
610 2008 759 2078 quicquam
779 2008 941 2079 suspitionis
960 2012 1081 2079 moveat,
1100 2010 1176 2080 quod
1190 2010 1293 2067 Pseud
1305 2012 1420 2081 1,5,1ar

273 2116 336 2154 cum
355 2099 453 2154 eadam
472 2096 647 2167 correptione
666 2098 815 2153 coniuncta
834 2099 878 2153 ast
895 2098 981 2153 etiam
1000 2101 1049 2169 qui
1065 2099 1143 2155 vocis
1161 2100 1319 2170 correptio:

345 2205 401 2272 Qul
419 2220 464 2259 me
484 2203 602 2275 argento
621 2205 848 2260 circumportent
885 2202 953 2270 Quis
972 2220 1016 2259 me
1035 2204 1169 2262 audacior
1188 2236 1232 2275 -,

273 2327 372 2382 reapse
390 2310 486 2382 igitm,
504 2311 533 2365 id
553 2311 628 2381 quod
647 2329 732 2382 supra
751 2311 918 2379 uidebamus,
937 2311 966 2366 in
984 2310 1072 2367 iambi
1090 2310 1183 2367 locum
1202 2312 1347 2370 molossus
1362 2316 1422 2370 cub

273 2403 405 2456 stitutus?
442 2399 580 2455 Nimirum
603 2418 756 2471 numquam
778 2401 883 2456 iactum
903 2402 945 2456 est
962 2401 1044 2470 alibi,
1073 2403 1105 2456 ut
1126 2419 1144 2457 a
1166 2403 1242 2458 male
1262 2405 1365 2461 sedulo
1384 2422 1423 2460 sse

273 2491 320 2545 vel
338 2496 363 2546 ts
380 2488 585 2545 adscriberetur
603 2492 678 2561 quod
696 2508 753 2546 non
770 2490 910 2562 posuisset
927 2494 1019 2561 pocta
1053 2492 1092 2548 At
1109 2492 1184 2548 enim
1204 2493 1294 2550 etiam
1312 2497 1422 2568 amphi-

273 2579 393 2636 brachus
411 2578 441 2633 in
458 2579 585 2635 trochaei
602 2579 695 2635 locum
713 2580 797 2636 cessit
814 2579 917 2636 Persae
936 2581 970 2648 ΙΙ,
989 2587 1014 2649 2,
1035 2587 1079 2635 18:

345 2682 399 2744 lbi
418 2686 508 2742 modo.
545 2686 607 2757 Ego
625 2687 753 2743 laudabis
772 2686 845 2743 faxo.
883 2687 939 2742 sed
957 2686 1008 2741 bis
1026 2688 1154 2756 tabellas,
1172 2689 1348 2760 Paegnium:

272 2812 338 2851 nam
357 2810 392 2849 ne
411 2795 464 2849 hcc
482 2793 595 2862 quidem
613 2793 732 2849 nimium
750 2793 842 2848 risum
860 2794 1065 2864 Kampmaunc.
1102 2794 1153 2850 Cui
1170 2813 1266 2852 rursus
1285 2799 1361 2855 illud
1381 2817 1421 2855 re-

273 2902 360 2956 pono:
389 2884 443 2939 hcc
463 2882 586 2951 silicet,
609 2882 697 2937 licent
715 2881 817 2937 omnia.
854 2880 898 2935 Ad
916 2881 987 2936 talia
1004 2884 1098 2937 autem
1119 2883 1301 2955 occalluisse,
1321 2886 1420 2944 hocius

272 2991 339 3030 vcro
367 2975 411 3029 est
437 2972 590 3041 (collector
610 2973 639 3026 ct
656 2970 929 3039 pracpavcplzeccau
967 2971 1051 3037 Quasi
1076 2989 1143 3028 vero
1166 2990 1222 3028 uon
1248 2975 1421 3046 aliquotiens

273 3064 388 3119 tabellae
411 3064 441 3117 et
462 3061 572 3116 moure
593 3059 745 3115 formamm
768 3058 939 3129 permutatio
963 3057 1108 3117 Plautinos
1131 3078 1227 3118 versus
1253 3067 1422 3138 corruperit,

273 3153 328 3207 hac
345 3154 440 3207 autem
458 3149 521 3221 ipsa
538 3149 609 3203 duce
626 3147 676 3202 ills
694 3164 805 3218 quoque
823 3147 960 3203 facillima
978 3166 1064 3220 opera
1081 3150 1122 3206 sic
1141 3153 1331 3210 emaculetur:

346 3254 400 3315 su
418 3236 509 3313 mosol
546 3255 607 3326 ugo
625 3253 753 3309 :ausam
772 3253 845 3309 axo.
884 3255 938 3309 ssd
957 3258 988 3311 :a
1006 3256 1058 3312 aas
1077 3257 1195 3328 uana,
1213 3258 1385 3331 Paegnium:

275 3364 338 3421 coll.
358 3362 435 3420 Cure.
454 3363 501 3433 IV,
520 3369 546 3432 3,
566 3368 611 3416 13:

347 3469 401 3536 Qui
418 3471 471 3524 hts
488 3467 610 3525 tabellas
630 3468 792 3538 bbsignatas
812 3468 917 3523 attulit.
956 3466 1031 3533 Quas
1048 3471 1081 3524 tu
1099 3470 1169 3525 mihi

344 3559 477 3629 Ttbulas,
495 3575 565 3629 quos
584 3558 678 3613 luscos
694 3558 820 3625 libertos,
839 3560 909 3627 quos
929 3557 1094 3615 Summanos
1112 3561 1254 3617 stmuias?

274 3669 314 3725 sic
339 3668 412 3724 enim
432 3668 503 3723 haec
521 3664 570 3720 diu
588 3668 632 3720 est
650 3681 713 3720 cum
732 3664 887 3720 emendavi.
925 3666 1069 3722 Postremo
1087 3667 1156 3737 quid
1174 3684 1233 3725 esse
1252 3670 1327 3728 illud
1345 3673 1419 3729 dica·

273 3776 348 3824 mus,
371 3758 446 3828 quod
469 3755 616 3827 neglectae
634 3753 783 3825 positionis
803 3754 961 3824 exemplum
980 3755 1189 3826 Kampmaunus
1208 3758 1264 3815 sibi
1282 3761 1360 3817 visus
1379 3765 1420 3818 cst

274 3847 361 3902 etiam
379 3847 459 3917 (lapt.
479 3846 513 3915 ΙΙ,
532 3852 557 3914 2,
576 3849 610 3898 84
629 3841 849 3914 deprehendere,
869 3844 917 3913 qui
935 3860 1032 3899 versus
1049 3844 1086 3899 ab
1105 3844 1159 3900 de
1176 3847 1202 3900 is
1216 3850 1364 3917 punitam
1382 3851 1421 3904 in·

274 3936 344 4008 cipit
362 3934 453 4007 (quasi
472 3934 497 3989 si
515 3950 565 3989 nos
584 3933 717 4002 siquidm
735 3933 760 3986 is
777 3931 834 3985 adn
852 3948 912 3986 sam
931 3933 1036 4012 e'Triu.
1047 3940 1099 3990 978
1117 3937 1247 3992 notemus
1261 3940 1296 3993 ut
1310 3939 1418 4011 aliquid

273 4025 401 4081 inusitati
416 4025 550 4092 habeam?
568 4023 693 4091 itemque
707 4020 776 4089 11,s‚
788 4026 821 4074 66
840 4020 921 4077 initio
940 4022 980 4076 Id
998 4018 1031 4077 sit
1047 4025 1121 4078 scius
1140 4024 1237 4080 laudm
1254 4042 1420 4098 cupressos,

274 4116 348 4185 quod
366 4132 424 4171 non
443 4115 485 4169 est
502 4111 580 4168 laudi
597 4111 691 4182 potius
709 4109 739 4165 in
758 4091 797 4164 ld
815 4111 858 4164 uti
875 4113 947 4166 scius
965 4113 1099 4183 mutasse,
1118 4130 1202 4183 quam
1220 4132 1278 4172 uon
1296 4119 1420 4173 mutasse

274 4204 434 4276 opprobrio.
450 4235 482 4243 —
503 4202 579 4256 Haec
598 4203 691 4256 autem
710 4200 784 4266 sunt,
803 4198 827 4252 si
845 4201 921 4255 recte
940 4218 990 4256 seu
1007 4218 1139 4271 pervorse
1157 4202 1248 4258 allata
1266 4209 1342 4276 sunt,
1362 4207 1419 4276 qui·

274 4293 326 4348 bus
353 4293 499 4364 neglectae
527 4288 675 4359 positionis
700 4286 845 4343 licentiam
868 4287 970 4345 Plauto
995 4291 1063 4345 satis
1088 4307 1150 4346 csse
1172 4291 1351 4351 vindicatam
1374 4296 1420 4351 ille

275 4382 390 4438 censuit

363 4470 388 4537 *J
408 4469 461 4540 [Ol.
481 4468 573 4524 Τι’ἱιι.α
592 4467 698 4539 annot]
