2940 5004
242 334 307 398 558
529 349 600 397 nvo
625 349 891 397 Paoounuunna
914 351 1101 398 nervuum.

240 506 335 545 sumus
356 494 469 545 saturem
491 488 622 559 Pylades.
658 491 759 545 animm
781 490 871 557 fucere
891 507 1011 559 pausam
1037 506 1101 544 cnm
1124 490 1274 546 Palmerio
1302 509 1331 560 p.
1350 496 1398 545 880

241 578 386 634 Acidalius
414 578 444 632 in
470 579 547 633 Asin.
571 596 594 633 o.
614 586 640 634 3.
689 580 790 634 emmas
813 579 903 646 faeere
925 580 1007 646 finem
1036 583 1102 650 post
1126 578 1306 635 Lambinum
1339 596 1397 633 omn

240 667 336 723 Reinio
354 668 540 722 Hermaeum.
577 667 644 723 Alia
661 667 725 723 aliis
743 666 883 737 ineptiora
900 667 951 723 alii
1075 675 1130 724 233
1154 687 1247 724 unum
1267 669 1397 723 tetem-

240 757 314 811 trum
334 757 463 827 discripsi
486 773 551 812 oum
573 757 595 810 B
704 773 775 826 quoe
796 757 889 812 clarita
911 762 950 812 eat
973 755 1157 812 Camerarius.
1204 773 1264 825 qua
1288 757 1397 811 ιιαοιαια

240 847 279 911 est
296 845 330 901 D.
366 862 436 914 quoe
458 846 556 900 leuata
578 846 618 909 eli
640 845 695 899 ΡΖ.
732 862 789 915 quc
813 846 926 900 σιαιιαια
947 848 986 911 est
1004 844 1063 899 BC.
1095 862 1167 914 quoe
1186 846 1272 900 lauta
1290 851 1330 900 est
1347 846 1396 914 Py·

240 934 318 989 ladas
421 934 549 1003 perculta
567 934 606 998 eli
624 930 690 987 libri
797 934 911 988 lutoocet
929 933 961 988 R.
984 934 1091 999 inlusio
1109 936 1148 999 elt
1168 932 1200 988 B.
1231 936 1344 1000 imimltn
1360 937 1396 1000 en

242 1077 272 1131 C.
294 1038 409 1141 iiiltceft
426 1075 459 1129 D.
482 1075 558 1140 talto
575 1075 614 1139 eft
633 1074 661 1128 Z.
683 1075 774 1139 multo
792 1075 831 1139 est
849 1074 885 1143 F,
903 1073 1066 1131 Palmerius.
1099 1077 1257 1131 incomesta
1276 1083 1316 1132 eat
1334 1077 1393 1132 Ala

240 1167 344 1220 allanto
361 1169 400 1219 est
419 1163 601 1219 Camerarius.
627 1163 709 1216 illuto
727 1168 766 1217 eat
784 1162 906 1233 Oolvins,
925 1162 1110 1219 Doederlinns
1130 1164 1237 1233 Synon.
1258 1166 1333 1236 Hp.
1352 1173 1391 1222 48.

243 1254 272 1309 Si
291 1256 405 1324 possent
423 1254 531 1323 quidem
548 1254 578 1307 et
595 1252 676 1321 qenai
693 1250 783 1306 videri
801 1268 835 1308 ex
853 1251 1067 1322 interpolatione
1086 1269 1162 1320 esse,
1186 1254 1320 1324 placeret
1336 1260 1390 1311 me'o

242 1344 335 1396 animo
352 1343 385 1396 im
403 1342 515 1396 lustrent
532 1342 588 1394 sita
695 1339 824 1395 Ceterum
841 1340 876 1396 de
894 1341 1057 1396 hexametro
1075 1341 1230 1398 baochisoo
1248 1345 1391 1414 cogitabat

242 1429 354 1486 Reinius
462 1437 514 1486 234
534 1432 627 1484 anan.
646 1428 805 1499 praemittit
823 1429 868 1485 Db
980 1431 1102 1500 equidem
1119 1436 1145 1485 te
1162 1447 1245 1486 soror
1264 1433 1298 1486 lt
1322 1437 1391 1504 equi·

180 1528 227 1569 vn
242 1520 300 1574 dem
323 1521 401 1585 soror
422 1525 448 1574 te
470 1518 544 1574 libri.
580 1518 688 1587 quidem
710 1533 788 1572 soror
806 1522 831 1572 te
849 1517 965 1574 Bothius
1090 1520 1156 1584 illoc
1175 1517 1296 1575 GDFZ.
1332 1524 1393 1588 illes

241 1609 282 1674 sic
300 1608 335 1661 B:
355 1607 430 1675 quod
449 1608 597 1663 servarunt
615 1621 720 1674 omnes,
740 1606 780 1661 sic
798 1607 911 1675 quidem
930 1607 1054 1663 Reiaius:
1079 1609 1174 1663 Miror
1192 1613 1232 1675 te,
1251 1611 1340 1677 ooro'r,
1357 1613 1393 1665 ui:

241 1697 325 1752 istaec
348 1697 474 1764 fcbmlciri
594 1701 646 1750 230
670 1711 750 1764 quom
772 1711 823 1765 pro
846 1694 947 1750 cumB
1068 1702 1119 1751 237
1146 1695 1214 1766 Vin]
1236 1705 1271 1752 ut
1289 1699 1391 1755 Nonius

241 1805 268 1856 p.
288 1792 340 1840 010
358 1786 411 1840 hos
429 1785 497 1841 duos
516 1802 611 1840 versus
631 1784 749 1839 afferens
858 1801 986 1855 oepreque
1003 1784 1034 1852 F,
1052 1783 1216 1840 Priscianus
1236 1787 1280 1841 III
1298 1807 1324 1859 p.
1343 1795 1390 1843 812

241 1875 315 1929 huno
338 1872 571 1932 unumaffereus.
609 1889 688 1943 ueyre
705 1889 757 1943 qne
779 1871 810 1928 B.
847 1890 907 1943 epse
924 1889 974 1948 coge
990 1872 1018 1927 C.
1054 1888 1118 1945 pure
1136 1874 1165 1928 Z.
1204 1893 1270 1946 eqre
1288 1878 1391 1933 Nouius

348 1969 456 2018 ammos
474 1963 571 2027 oeulos
591 1961 636 2016 Da
757 1966 809 2015 238
840 1962 890 2016 Ito
907 1962 946 2026 est
969 1959 1033 2014 libri
1149 1968 1203 2017 239
1232 1966 1330 2030 modis
1342 1966 1389 2020 CD

347 2054 380 2107 irs
397 2051 455 2107 BZ.
476 2069 530 2107 om.
550 2048 629 2106 ODF
754 2050 887 2119 optimum
904 2048 970 2103 libri
1094 2049 1192 2105 babitu
1210 2057 1253 2107 est
1272 2053 1388 2122 Reium,

242 2143 368 2198 Bothius.
387 2143 426 2206 est
443 2142 540 2195 babitu
558 2138 625 2194 libri
715 2138 870 2194 Iambioum
890 2137 984 2193 effecit
1000 2138 1190 2195 Hermannue:
1211 2142 1323 2198 Modus
1340 2146 1389 2198 om·

240 2233 324 2286 uibus
342 2232 431 2296 rebels,
449 2244 535 2294 soror,
553 2229 692 2300 sepelirem
710 2234 850 2297 optumum
868 2228 965 2281 bibita
982 2232 1021 2281 est
1110 2234 1163 2282 240
1181 2233 1390 2288 emolumentium

240 2319 285 2374 Da
401 2320 492 2388 nepoti
509 2317 694 2372 Hermunnus.
730 2317 868 2387 mepotium
886 2315 943 2371 ΒΟ.
980 2318 1121 2386 nepocium
1139 2317 1221 2373 ΒΕΖ
1343 2330 1390 2377 441

242 2408 276 2462 de
299 2408 389 2477 οοριιά
411 2406 508 2460 amabo
532 2405 566 2460 el.
585 2405 696 2476 Proleg.
715 2405 792 2460 Trin.
810 2423 838 2475 p.
857 2418 917 2460 con
936 2404 1032 2475 [supra
1050 2424 1077 2476 p.
1097 2406 1164 2478 440]
1184 2410 1215 2462 st
1234 2408 1390 2466 Lachman-

240 2513 308 2550 num
325 2496 356 2550 in
374 2495 454 2550 Lacr.
473 2512 499 2563 p.
519 2501 571 2550 388
680 2501 732 2549 242
753 2494 841 2565 Quart
858 2496 884 2549 si
901 2495 934 2549 R.
961 2494 1049 2564 Quasi
1066 2493 1188 2564 BDFZ,
1213 2497 1391 2555 Hermannns

241 2585 317 2654 olim,
336 2584 530 2639 Lachmannus
549 2583 580 2638 in
598 2585 678 2639 Lucr.
697 2602 724 2654 p.
737 2590 780 2639 91.
805 2600 887 2653 quam
905 2584 930 2648 fi
949 2581 979 2651 Ο,
997 2583 1172 2637 Hermannus
1191 2602 1284 2656 nuper

240 2674 462 2741 solscmariatioa
480 2673 507 2726 B
588 2671 592 2680 '
634 2679 686 2727 243
717 2674 776 2727 sim
798 2674 873 2727 omem
894 2673 1035 2726 suauitate
1056 2672 1095 2725 R:
1128 2673 1163 2728 of.
1183 2674 1299 2748 Proleg.
1320 2679 1391 2734 Trin

240 2782 268 2833 p.
286 2778 395 2819 cxxxm
405 2781 447 2832 sq.
466 2766 530 2833 [380
540 2761 614 2833 sqq.]
637 2763 696 2827 sime
713 2762 854 2826 suauitate
871 2760 950 2816 libri:
977 2761 1053 2830 quod
1076 2762 1138 2815 sime'
1161 2766 1309 2820 είῑααιϊάιι
1332 2786 1389 2822 cum

240 2852 348 2922 Reizio‚
375 2852 493 2919 Bothio‚
520 2852 681 2906 Hermanno
700 2849 901 2919 interpretatur
923 2849 1118 2904 Lachmannus
1141 2848 1171 2902 in
1194 2850 1279 2908 Lucr.
1300 2873 1329 2924 p.
1348 2863 1390 2910 91:

127 2996 132 3008 ,
239 2942 384 3012 prosodia,
408 2943 440 2995 ut
457 2939 548 2995 Musei
566 2939 664 3010 philol.
684 2940 736 2993 VII
755 2957 782 3009 p.
802 2944 853 2993 098
874 2938 989 3009 [Opneo.
1009 2938 1034 2993 ΙΙ
1053 2956 1079 3008 p.
1100 2941 1164 3007 099]
1183 2939 1254 3011 dixi,
1274 2960 1293 2998 a
1312 2944 1391 2999 Plau·

240 3029 299 3086 tino
318 3047 419 3100 genere
438 3029 612 3086 alienissima
719 3034 772 3082 244
791 3027 858 3082 Nisi
875 3028 900 3082 si
918 3027 1102 3083 Hermannus.
1127 3027 1197 3093 Nisi
1216 3030 1286 3087 libri

239 3136 324 3188 usque
342 3120 434 3175 omZ
552 3125 604 3172 240
631 3116 769 3188 PergitB
792 3116 823 3171 in
840 3117 914 3171 huno
932 3117 1046 3172 modum
1063 3117 1179 3172 turbata
1197 3135 1337 3177 versuum
1354 3123 1391 3178 ‹li-

241 3207 408 3277 scriptione:

350 3350 428 3405 Olemt
445 3354 520 3418 falfa
537 3354 603 3418 sumt
621 3357 732 3422 tempere
750 3356 782 3406 ut
799 3366 857 3406 mom
874 3351 950 3415 uelis.
984 3350 1047 3405 item
1064 3352 1121 3414 mos
1133 3353 1238 3418 samus

348 3440 427 3506 Eius
439 3441 555 3507 seminis
567 3442 698 3508 mulieres
709 3443 774 3507 ferm
1120 3476 1128 3490 ·

348 3530 476 3595 Insolsae
494 3532 639 3585 &modum
844 3531 941 3600 adque
958 3528 1133 3594 immensitate

347 3652 415 3708 Sine
431 3623 581 3710 meridiem
599 3661 624 3709 et
642 3656 761 3724 sumptu.
787 3669 873 3723 eoquo
890 3656 930 3720 est
947 3655 1012 3709 boec
1029 3655 1137 3723 quidem
1156 3658 1354 3727 aporastoolef
1365 3664 1392 3713 ut

276 3836 329 3884 200
347 3832 407 3886 Scit
424 3834 573 3887 muriatico
591 3837 623 3886 ut
640 3837 761 3887 maceret.
861 3832 929 3901 quid
946 3832 1078 3897 ntolestmf
1089 3759 1274 3902 {35⁰3ss
1295 3840 1393 3894 amab.

347 3922 399 3977 Sat
417 3923 456 3986 elt
472 3923 545 3986 iltrsc
563 3922 638 3986 alios
650 3922 738 3976 eiicere
755 3920 840 3985 mobis
851 3919 895 3975 Ne
912 3922 1014 3986 nosmet
1031 3922 1064 3974 im
1080 3921 1179 3985 mostra
1192 3925 1281 3980 etium
1296 3929 1394 3983 uitiosa

349 4100 461 4170 Quiesce
568 4115 630 4170 erpo
649 4114 710 4153 amo
728 4103 760 4153 te.
779 4052 825 4163 seit
842 4099 891 4152 too
909 4113 985 4152 mune
1002 4009 1253 4165 respondem?

276 4196 329 4245 200
348 4190 421 4245 Sum
443 4190 488 4245 bic
510 4191 603 4245 omnia
626 4204 677 4258 que
695 4189 733 4242 od
750 4189 830 4242 dmm
846 4203 941 4257 puceis
958 4191 1062 4256 oportet
1080 4187 1185 4255 Adesse
1304 4197 1396 4251 munla

348 4369 429 4424 Diem
443 4369 592 4437 pulchrum
610 4372 635 4422 el
653 4366 779 4423 celebrem
796 4371 822 4421 et
839 4366 999 4431 multatis
1008 4292 1240 4434 plmiriinmm

346 4456 472 4527 Dicam
489 4458 584 4512 ceneri
597 4458 648 4525 pol
665 4457 730 4526 quoi
747 4457 812 4521 sumt
830 4455 991 4525 aphrodisia
1008 4454 1094 4510 bodie.
1209 4502 1211 4506 .
