3038 5010
713 1192 767 1273 X.

525 1363 946 1430 PROLEGOMENA

565 1506 624 1572 DE
648 1506 915 1573 RATIONIBVS

291 1644 445 1703 carmus
470 1646 724 1703 assumamus
748 1646 988 1703 Paosomscrs
1012 1646 1185 1702 unsaros

405 1773 743 1841 EMENDATIONIS
767 1772 1068 1859 mavimam

256 2078 469 2160 [Ritschelius
491 2082 603 2143 noster
626 2079 654 2143 si
677 2079 713 2143 in
733 2079 815 2144 vivis
835 2083 921 2144 esset
939 2078 1083 2143 dubitari
1100 2077 1214 2164 nequit
1232 2078 1310 2163 quin

166 2184 400 2271 Prolegomena
429 2185 464 2250 in
485 2185 638 2251 Plautum
669 2208 728 2251 sua
757 2187 869 2251 iterari
899 2187 934 2252 iu
957 2186 1129 2271 Opusculis
1159 2185 1311 2268 uoluerit,

167 2292 285 2377 quippe
309 2314 391 2378 quae
414 2313 481 2357 non
504 2297 572 2358 tam
595 2297 774 2360 retractare
798 2316 895 2379 quam
918 2316 1003 2359 nova
1026 2314 1126 2378 eaque
1149 2292 1311 2376 pressiora

165 2398 258 2463 edere
281 2398 401 2464 dudum
424 2400 459 2463 iu
482 2400 592 2465 animo
614 2401 757 2466 haberet.
789 2401 882 2478 Quod
906 2401 1076 2467 consilium
1099 2403 1137 2464 ut
1160 2420 1310 2484 exseque-

170 2508 259 2569 retur
286 2526 359 2569 cum
386 2525 447 2569 uec
474 2505 537 2590 ipsi
566 2528 624 2570 nec
646 2507 742 2571 nobis
766 2506 955 2591 contigerit,
983 2507 1049 2571 iam
1072 2528 1139 2572 non
1162 2509 1232 2570 erat
1254 2527 1311 2570 our
1364 2494 1366 2506 ’

167 2635 277 2677 rarum
305 2611 571 2698 praeclarumque
599 2613 722 2698 ingenii
750 2614 979 2679 documentum
1007 2635 1027 2677 a
1056 2617 1237 2687 ceterorum
1261 2634 1311 2677 so-

167 2720 284 2785 cietate
308 2719 538 2803 seiungeretur.
585 2718 670 2784 Nam
698 2723 812 2804 quanti
840 2723 1026 2786 etiamnunc
1054 2722 1245 2786 aestimetur
1272 2719 1311 2783 li·

165 2826 270 2891 bellus
298 2848 375 2891 vere
403 2849 519 2893 aureus
548 2849 620 2892 cum
649 2849 688 2892 ex
715 2826 832 2892 horum
862 2828 1043 2893 studiorum
1070 2828 1195 2892 ratione
1218 2831 1311 2911 patet

168 2937 237 2997 tum
269 2933 344 2997 inde
377 2933 493 3018 elucet,
524 2934 610 3018 quod
642 2957 746 3019 pauca
774 2956 856 3018 quae
887 2938 1038 3018 prostant
1067 2933 1263 3017 exemplaria
1292 2955 1312 2997 a

166 3039 324 3107 Calvariis
353 3041 476 3106 uostris
506 3042 607 3106 nimio
637 3045 778 3107 veneunt
807 3041 922 3125 pretio
968 3040 1074 3117 Quare
1104 3063 1222 3106 novam
1246 3040 1311 3104 edi·

166 3147 288 3212 tionem
311 3147 359 3212 ita
381 3149 622 3233 adornavimus,
650 3152 821 3213 uteorum
844 3148 1002 3213 rationem
1025 3148 1218 3213 haberemus
1242 3148 1312 3232 qui-

167 3255 228 3319 bus
251 3255 449 3320 Ritschelius
477 3256 605 3321 easdem
630 3259 744 3340 postea
767 3256 972 3340 quaestiones
995 3257 1169 3321 tractabat.
1215 3254 1312 3320 Vltra

166 3361 338 3444 procedere
365 3385 407 3428 ne
430 3363 476 3427 eis
500 3362 629 3448 quidem
653 3363 734 3427 locis
758 3363 864 3447 licuit,
892 3363 931 3428 de
958 3365 1075 3449 quibus
1099 3363 1311 3429 Ritschelium

166 3490 231 3534 non
245 3469 337 3534 nulla
351 3469 580 3535 adnotatumm
595 3470 695 3536 luisse
714 3493 772 3555 pro
792 3474 881 3536 certo
900 3471 1056 3537 affirmari
1076 3474 1195 3556 posset.
1224 3469 1311 3535 Nam

166 3575 288 3640 talibus
311 3576 366 3660 qui
390 3576 503 3641 modus
528 3581 597 3641 erat
616 3576 906 3642 adnotationibus?
929 3576 1142 3663 Nequaquam
1165 3577 1198 3641 id
1222 3597 1312 3659 spec·

165 3682 229 3746 tari
265 3686 408 3766 poterat,
443 3687 482 3748 ut
511 3683 739 3767 colligerentur
769 3705 851 3769 quae
881 3684 948 3749 iam
978 3685 1017 3749 de
1044 3685 1096 3751 his
1124 3684 1222 3749 rebus
1254 3705 1312 3767 per

167 3789 344 3854 multorum
366 3788 534 3856 hominum
558 3812 652 3855 ouras
676 3789 842 3874 disputata
866 3796 988 3856 essent:
1011 3793 1111 3856 immo
1134 3813 1218 3856 uuus
1241 3790 1310 3855 Rit

167 3895 306 3961 schelius
335 3897 412 3982 quid
440 3897 579 3961 senserit
606 3918 644 3961 ao
671 3895 932 3980 pronuntiaverit
960 3896 1208 3981 significandum
1232 3900 1311 3964 erat.

166 4002 211 4068 Et
238 4005 383 4089 profecto
410 4008 505 4071 tanta
533 4004 601 4068 eius
629 4007 680 4068 est
708 4004 885 4069 auctoritas
913 4003 947 4067 iu
975 4002 1051 4067 crisi
1074 4003 1242 4089 Plautina,
1276 4008 1312 4107 qt

167 4166 381 4177 *-

255 4249 280 4320 *)
300 4250 349 4322 [Τ.
373 4247 487 4305 MACCI
509 4248 646 4304 PLAVTI
670 4249 883 4306 COMOEDIAE
902 4267 935 4306 ex
953 4251 1115 4306 recensione
1133 4251 1243 4306 etcum
1262 4267 1310 4322 ap·

166 4341 267 4409 paratu
286 4338 384 4396 critico
408 4338 541 4395 Friderici
560 4338 717 4395 Ritschelii.
754 4341 858 4397 'lomus
878 4341 897 4395 l.
934 4339 1062 4410 Rornae,
1087 4340 1121 4395 Η.
1141 4340 1171 4394 Β.
1192 4340 1310 4411 Koenig.

167 4445 192 4482 a.
210 4427 450 4483 uocccmvln
469 4446 496 4499 p.
515 4429 783 4502 vll-cccxuvl]
