3006 5016
318 354 390 400 urso
414 351 474 400 ma
498 349 689 397 claremaus
711 346 1031 395 PLAUTUSSTUDJEN.
1207 329 1250 393 65

102 496 206 551 horum
226 494 335 550 foetura
353 491 460 547 fructus
479 489 594 561 capiant
611 491 710 545 uberes
728 493 812 557 atque
827 488 973 544 iucundos.
991 487 1062 542 Vale
1077 488 1106 542 et
1119 503 1164 541 ma
1179 503 1250 540 amu.
1270 547 1272 550 ,

101 585 215 654 Nempe
234 586 298 638 tuus
317 581 449 636 Verlerua
468 580 530 649 erit,
549 579 616 634 dum
635 578 694 634 vila
711 577 942 649 manehitllatque
961 580 1040 632 tuum
1059 593 1162 632 nomen
1179 578 1250 630 tem'-

99 691 156 742 pus
181 672 211 727 in
237 688 319 726 omne
346 670 427 726 colet.
464 670 570 724 Iterum
595 668 666 724 vale.
704 667 796 723 Ticini
815 667 924 722 decimo
944 668 1022 721 sexto
1042 666 1087 720 die
1106 666 1251 721 Decemhr.

100 778 179 816 auno
198 761 312 816 XVIIII.
396 762 402 772 ‘

995 846 1071 900 Tuus
1089 845 1179 901 Vitas.

667 1049 697 1112 2.

110 1157 167 1223 (De
185 1156 269 1210 rebus
288 1153 344 1209 suia
362 1172 418 1209 uon
437 1152 510 1208 nihil
529 1152 652 1223 exponit.
690 1157 714 1205 2.
734 1150 920 1206 Reuchlinum
941 1153 970 1206 et
987 1151 1143 1206 Hutteuum
1161 1150 1242 1206 rebus

170 1245 302 1300 humanis
321 1249 432 1314 ereptus
451 1242 538 1313 luget.
576 1249 601 1297 3.
621 1240 751 1296 Discordi
770 1240 938 1297 Germaniae
956 1259 1011 1311 pax
1030 1239 1184 1308 reddatur.)

175 1369 267 1425 Salve.
304 1366 509 1423 Liberalissimi
533 1382 624 1422 mores
647 1365 853 1434 candidumque
876 1365 947 1420 illud
972 1368 1070 1436 pectus
1095 1367 1172 1419 tuum
1196 1380 1252 1420 uon

97 1458 159 1513 nisi
178 1458 276 1529 gratiis
296 1473 329 1512 ac
347 1455 493 1511 amiciciae
512 1459 622 1523 natum,
641 1454 781 1508 Bilibalde
800 1455 975 1523 doctissime,
994 1455 1048 1510 hoc
1067 1455 1185 1524 egerunt
1202 1472 1252 1507 uu·

96 1565 165 1619 per,
187 1550 220 1601 ut
243 1564 297 1617 ego
320 1545 469 1616 insigniter
487 1544 616 1599 auderem
643 1543 805 1614 posthabito
825 1544 900 1599 omui
919 1544 1025 1615 pudore
1050 1543 1184 1612 quiddam
1203 1560 1253 1613 per

97 1636 211 1691 litteras
235 1636 396 1690 erubescere
420 1634 543 1702 neanias,
573 1634 648 1702 quud
671 1649 803 1703 praesens
826 1633 873 1687 vix
892 1633 1128 1703 expostulassem,
1155 1633 1205 1688 abs
1224 1634 1252 1687 te

94 1727 196 1796 petere
214 1723 317 1779 fuerim
337 1742 428 1779 ausus.
453 1723 506 1778 Tui
522 1724 582 1778 erat
600 1723 745 1793 ignoscere
766 1722 873 1777 homini
892 1740 942 1777 auo
962 1724 1051 1779 semel
1069 1723 1160 1793 ipsum
1180 1722 1252 1792 pede

95 1813 208 1881 alioqui
227 1812 378 1884 diligenter
396 1812 538 1879 metienti;
557 1811 599 1864 ita
616 1811 688 1866 mihi
706 1812 801 1866 omnia
818 1813 912 1866 tecum
931 1811 1038 1882 garrire
1057 1812 1140 1881 inque
1161 1812 1253 1866 sinum

95 1906 180 1957 tuum
204 1901 291 1956 libere
315 1899 450 1969 quicquid
474 1900 593 1955 habeam
618 1902 668 1955 aut
686 1917 815 1955 curarum
834 1902 884 1955 aut
901 1918 1039 1970 nugarum
1059 1900 1200 1955 effundere
1218 1900 1251 1953 li-

98 1992 190 2047 citum
208 1994 347 2061 putaram.
386 1990 484 2058 Neque
505 1980 613 2058 dubito,
632 1989 700 2058 quin
719 1988 748 2043 in
767 1989 839 2043 hanc
858 2005 917 2042 rem
936 1988 1117 2055 Bilibaldum,
1136 1988 1190 2042 hoc
1208 1992 1252 2042 est

97 2080 223 2135 amicum
242 2079 324 2133 illum
343 2078 422 2132 nulla
441 2094 473 2132 ex
493 2079 573 2146 parte
593 2079 771 2146 cessatorem,
789 2079 881 2132 totum
905 2076 1043 2145 effuderis,
1062 2076 1117 2130 nisi
1131 2075 1251 2131 sortasse

96 2172 181 2223 tanta
199 2168 399 2238 superstitione
417 2170 556 2235 teneatur,
575 2168 608 2220 ut
625 2165 726 2236 religio
744 2165 788 2219 illi
807 2166 845 2220 sit
862 2165 892 2219 in
903 2166 962 2219 Viti
981 2165 1024 2219 aui
1038 2165 1152 2235 negotio
1171 2182 1249 2218 mou-

97 2256 218 2312 daciolia
236 2257 346 2325 aliquot
364 2256 451 2311 abuti.
497 2256 577 2323 Quod
596 2255 692 2310 multia
711 2254 767 2310 iam
787 2254 929 2310 mensibus
947 2255 1087 2310 scribendi
1106 2254 1142 2308 ad
1160 2257 1190 2308 te
1209 2251 1248 2308 oi·
1264 2263 1304 2302 aso

97 2347 193 2401 ficium
220 2344 429 2412 intermiserim,
452 2344 546 2398 nescio
575 2343 676 2412 quibus
698 2344 791 2398 verbis
816 2344 869 2398 sim
889 2361 1002 2399 causam
1021 2360 1112 2398 meam
1133 2346 1253 2411 acturus,

98 2437 124 2491 ai
143 2434 259 2506 negotia
278 2450 426 2489 causarum
444 2431 486 2501 (id
504 2432 580 2500 quod
600 2433 692 2487 solent
710 2433 767 2488 fere
786 2432 906 2502 desides)
927 2433 1039 2501 quando
1058 2432 1129 2487 mihi
1146 2434 1255 2488 nonsit

102 2529 197 2579 unlus
220 2522 396 2594 negotiorum
415 2522 568 2588 tumultus,
597 2523 698 2590 quibus
722 2522 845 2591 undique
870 2522 1035 2593 distringor,
1054 2539 1151 2577 vereor
1170 2541 1254 2592 quam

99 2615 223 2667 maxime
250 2630 299 2680 ne,
328 2611 352 2665 si
381 2610 410 2664 id
439 2615 615 2681 praetexam,
645 2614 707 2666 tota
734 2612 786 2665 sim
815 2628 899 2665 causa
925 2612 1010 2667 facile
1039 2629 1160 2667 casurus.
1202 2612 1254 2667 Tui

100 2701 320 2756 mellitissimam
345 2701 508 2756 memoriam
533 2699 690 2770 obrepsisse
714 2701 797 2768 mihi,
821 2718 888 2770 qum
912 2717 1020 2767 eorum,
1056 2718 1125 2769 quoa
1153 2701 1253 2756 charos

102 2792 222 2860 habeas,
250 2788 422 2846 oblivionem
439 2808 507 2846 vera
525 2788 655 2845 amicicia
672 2807 730 2845 non
747 2790 892 2858 admittat,
920 2806 976 2845 non
998 2791 1042 2844 est
1068 2807 1121 2858 qur
1143 2790 1173 2844 in
1200 2792 1254 2846 hac

104 2897 215 2949 quoque
239 2897 269 2935 re
293 2878 481 2950 patrocinium
504 2878 617 2934 aliunde
641 2881 737 2949 petere
760 2879 880 2934 habeam
899 2895 1020 2933 necesse.
1058 2879 1138 2950 Vnde
1156 2878 1253 2949 igitur,

100 2970 220 3039 inquies,
238 2972 298 3023 tam
316 2968 479 3023 diuturnum
498 2968 660 3022 silentium?
680 2968 704 3023 ai
721 2984 774 3023 nec
793 2967 993 3037 occupationes
1007 2975 1081 3036 tuae,
1102 2984 1174 3037 quae
1193 2969 1253 3023 nul·

100 3060 145 3115 lae
164 3061 242 3128 aunt,
265 3075 356 3127 neque
380 3057 440 3112 ulla
463 3056 569 3112 oblivio
592 3057 756 3112 amicissimi
775 3057 896 3112 hominis
914 3057 1079 3111 memoriam
1099 3058 1152 3113 tibi
1172 3075 1253 3114 excu-

102 3152 162 3203 tere
181 3147 292 3218 potuit?
324 3146 406 3216 Audi,
424 3145 574 3213 Bilibalde,
595 3147 623 3201 id
643 3147 718 3214 quod
737 3163 804 3201 eane
822 3163 867 3200 rea
886 3145 980 3216 habet,
1001 3164 1052 3215 qur
1071 3148 1146 3202 enim
1165 3147 1252 3202 mani-

104 3238 175 3291 festa
193 3237 321 3306 negabo?
354 3253 415 3290 sum
435 3235 657 3306 procrastinator
680 3235 722 3291 ita
740 3235 886 3303 mirificus,
911 3238 942 3290 ut
965 3236 1012 3289 vix
1031 3235 1068 3289 ait
1086 3237 1159 3291 aliua
1178 3238 1252 3306 quia·

102 3328 192 3395 piam,
216 3342 300 3394 quem
322 3323 393 3379 mihi
416 3324 446 3378 iu
464 3341 494 3379 re
511 3326 571 3378 tam
591 3324 706 3394 egregia
724 3324 868 3392 anteferri,
890 3324 994 3378 nedum
1023 3326 1142 3381 conferri
1169 3327 1252 3382 facile

105 3415 206 3486 patiar.
229 3414 267 3469 Et
282 3418 347 3469 suut
359 3416 419 3469 tam
438 3413 498 3468 alta
512 3413 650 3468 montium
670 3413 822 3481 cacumina,
842 3414 942 3482 quibus
960 3413 1069 3468 medius
1088 3415 1252 3485 circumdor,

107 3507 139 3558 ut
162 3497 251 3558 annus
273 3502 386 3558 interim
409 3505 582 3573 praetereat,
611 3520 666 3571 quo
689 3503 783 3556 nullus
806 3504 976 3558 concedatur
1000 3503 1037 3556 ad
1059 3511 1119 3558 tam
1138 3505 1252 3561 eximios

106 3591 211 3646 amieos
235 3608 269 3646 ac
292 3594 425 3662 patronos
444 3591 544 3646 litteris
562 3592 632 3646 meis
655 3592 756 3659 exitus,
786 3608 854 3660 quos
877 3595 972 3647 tamen
996 3592 1071 3647 omni
1097 3582 1252 3648 officiorum

106 3697 208 3750 genere
236 3680 367 3749 prosequi
395 3698 446 3750 pur
473 3683 541 3735 erat.
579 3680 659 3735 Vnde
682 3681 727 3735 vel
751 3681 805 3735 hoc
828 3681 888 3736 solo
912 3680 1025 3735 nomine
1047 3681 1140 3736 locum
1166 3684 1252 3737 iat-um

105 3769 179 3824 male
198 3768 258 3837 odi,
278 3769 353 3837 quod
372 3785 486 3839 perraro
506 3772 665 3838 occurrant,
685 3770 733 3838 qui
752 3773 802 3824 aut
820 3769 886 3824 hinc
905 3770 940 3824 ad
960 3786 1008 3823 vos
1027 3773 1077 3824 aut
1093 3770 1196 3826 isthinc
1215 3773 1251 3827 ad

103 3876 156 3913 nos
175 3860 339 3913 commeent
377 3860 422 3912 lta
439 3858 506 3912 dum
524 3859 644 3913 maxime
668 3857 809 3913 officiosus
827 3857 917 3914 videri
936 3859 1018 3928 cupio
1037 3860 1250 3931 hominibusque

106 3948 179 4002 bene
199 3946 233 4001 da
252 3962 296 4000 me
315 3947 486 4001 merentibus
501 3947 554 4002 hac
569 3948 670 4002 saltem
684 3964 713 4002 re
728 3947 889 4018 gratificari,
908 3964 975 4016 qum
997 3948 1068 4002 nihil
1091 3951 1252 4018 praestatur
1285 3979 1289 3985 .

107 4039 175 4106 poet
205 4034 409 4105 longiusculam
436 4035 674 4105 expectationem,
697 4037 730 4091 fit
757 4038 789 4091 ut
806 4038 827 4092 ii
844 4036 1034 4103 incivilitatis,
1062 4038 1105 4092 illi
1124 4055 1191 4093 vero
1209 4039 1303 4093 in-291

103 4123 290 4196 gratitudinis
307 4141 352 4180 me
370 4142 502 4180 accusare
520 4142 576 4181 non
595 4128 711 4182 cessant.
750 4127 778 4182 si
797 4126 870 4183 sorte
889 4127 1122 4195 quemadmodum
1142 4129 1252 4184 valeam

105 4213 230 4284 quaeris,
249 4211 310 4268 Deo
328 4217 386 4283 opt.
409 4231 482 4268 max.
497 4218 611 4270 auctore
630 4216 762 4270 sathane
781 4216 881 4282 habeo,
899 4215 1007 4285 tibique
1022 4217 1095 4272 sicut
1108 4219 1251 4289 optimam,

101 4307 147 4359 ita
169 4304 320 4372 longevum
343 4303 533 4359 valetudinem
555 4304 706 4374 imprecor,
734 4321 789 4373 quo
814 4304 903 4374 possis
926 4304 1144 4363 foecundissima
1166 4309 1252 4362 animi

100 4393 147 4450 tui
166 4391 261 4446 fetura
283 4391 471 4447 studiosorum
490 4393 593 4449 diutius
611 4394 784 4464 locupletare
802 4397 1008 4464 paupertatem.
1046 4397 1120 4467 Ego,
1140 4397 1163 4452 si
1182 4399 1251 4452 scire

98 4482 197 4554 cupis,
222 4482 343 4537 alterum
362 4481 448 4537 ferme
466 4500 589 4539 mensem
608 4483 752 4540 venationi
770 4483 812 4539 ita
830 4487 940 4539 strenue
959 4483 1000 4539 fui
1019 4485 1143 4555 deditus,
1163 4485 1204 4541 ita
1222 4487 1250 4541 in

156 4592 198 4629 ra
218 4590 368 4626 miscuata
390 4591 522 4626 orvacvsn
541 4592 566 4630 v.
1023 4582 1038 4630 b
