2986 5010
469 351 737 399 nnnsoamoms
762 351 971 399 Pnnvrmsn.
1231 335 1307 399 453*

147 493 297 559 dicantur
320 494 459 560 mediam
484 494 659 579 corripere:
683 495 714 558 id
734 494 819 580 quod
838 494 998 559 rationem
1018 498 1050 559 et
1068 496 1295 560 necessitatem

148 603 194 667 its
217 606 344 668 tantum
373 601 559 667 habiturum
590 605 690 686 esset,
718 602 746 666 si
776 602 840 666 illis
867 602 901 665 in
930 601 1021 666 exitu
1050 624 1200 667 versuum
1228 625 1294 666 um-

147 733 244 794 quam
268 715 355 775 esset
378 709 468 775 locus
493 730 671 775 concessus.

235 815 413 881 [licentiam
437 837 566 881 omnem
590 816 755 881 alterius
779 816 904 900 partis
928 817 1185 902 senariorum,
1214 839 1295 902 quae
1338 819 1344 834 ⁸

145 931 194 989 est
221 927 312 1008 post
340 945 552 1008 caesuram,
581 924 768 1008 complexus
796 946 877 988 sum.
923 920 1007 989 Nam
1036 924 1121 1008 quod
1149 924 1229 989 talia
1259 930 1296 988 ut

145 1032 321 1096 ambulacris
347 1031 494 1114 receptam
518 1033 685 1095 accentum
715 1031 819 1095 solent
842 1029 875 1093 in
899 1034 1015 1113 quarta
1039 1052 1058 1093 a
1081 1032 1145 1096 fine
1169 1030 1295 1114 syllaba

144 1140 277 1221 habere,
305 1161 343 1202 ea
371 1160 430 1202 nec
453 1137 584 1203 licentia
607 1138 714 1222 potius
739 1161 836 1222 quam
861 1138 1062 1204 consuetudo
1085 1138 1147 1202 fuit
1170 1160 1229 1203 nec
1252 1139 1294 1203 ab

145 1246 213 1310 ulla
236 1251 327 1329 parte
348 1267 497 1310 versuum
518 1246 647 1310 exclusa
665 1249 728 1310 est:
753 1246 872 1329 quippe
891 1267 1022 1330 prorsus
1041 1268 1106 1330 quo
1126 1245 1293 1331 dactylicis
1381 1227 1384 1234 ⁵

145 1353 291 1434 vocibus,
325 1353 433 1417 soluta
465 1352 593 1436 quidem
627 1353 705 1434 arsi,
738 1352 1037 1437 quadrisyllabo
1070 1353 1179 1416 omnia
1211 1376 1293 1438 quae

143 1458 484 1543 proceleusmatici
509 1480 693 1522 mensuram
723 1463 864 1543 aequant
891 1458 1006 1522 habita
1029 1464 1104 1524 sunt
1127 1459 1293 1544 dactyli·

10 1567 18 1577 ’
144 1588 350 1650 corumque
369 1570 536 1631 accentum
556 1569 736 1646 servarunt,
755 1566 804 1628 vel
824 1565 1017 1631 ereticorum
1036 1587 1118 1649 quae
1136 1589 1292 1651 paeonem

144 1677 294 1757 quartum
317 1676 469 1757 aequant,
498 1695 557 1738 nec
581 1670 687 1737 midus
711 1673 745 1735 in
770 1671 1046 1756 antepaenultimo
1071 1695 1166 1756 quam
1180 1672 1224 1737 'in
1247 1674 1294 1738 ul·

145 1780 226 1846 timo
241 1779 322 1864 pede
338 1780 405 1845 sive
421 1779 624 1845 senariorum
640 1781 706 1844 sive
721 1778 977 1862 septenariorum
997 1774 1141 1862 (quando
1159 1779 1291 1862 paenul·

145 1889 245 1953 timus
269 1888 470 1953 tribrachum
493 1909 557 1952 non
582 1885 783 1971 frequentius
807 1907 904 1969 quam
927 1906 1045 1967 purum
1068 1885 1212 1949 iambum
1237 1886 1291 1950 ad-

143 1995 261 2080 misit),
292 1999 327 2060 ut
354 1995 539 2059 crassatum
567 2014 614 2058 mc
639 2014 677 2058 ea
700 1989 861 2075 Ohrffsalo,
887 1991 1039 2074 capitibus
1066 1992 1291 2077 consodalibus,

142 2102 282 2167 ancillaris
311 2123 443 2183 quacum
472 2099 605 2166 accubat.
651 2097 690 2163 In
722 2098 839 2164 horum
869 2104 977 2163 autem
1006 2121 1177 2164 numerum
1206 2100 1291 2167 infra

142 2209 353 2294 perspicietur
376 2208 475 2272 etiam
499 2206 679 2271 Trinummi
704 2206 784 2271 illud
807 2207 917 2271 venire
942 2230 971 2272 v.
997 2208 1071 2271 134:

234 2369 346 2454 Neque
369 2369 408 2434 de
432 2368 493 2433 illo
517 2367 689 2454 quicquam
713 2368 808 2450 nepus
829 2369 940 2432 mames
962 2390 1065 2453 neque
1091 2368 1254 2434 ue'nderes.
1305 2397 1422 2439 coxvm

141 2529 209 2596 Nec
241 2529 300 2594 illa
330 2529 506 2615 singularis
537 2528 668 2593 licentia
697 2533 760 2611 est,
791 2529 876 2613 quod
908 2530 1099 2594 iambicae
1130 2552 1238 2613 vocae,
1270 2555 1290 2595 a

142 2659 280 2721 quarum
303 2638 450 2721 neglecto
474 2639 609 2699 accentu
632 2657 704 2699 oum
728 2639 842 2699 nostra
860 2635 1036 2719 disputatio
1055 2639 1124 2699 tum
1144 2639 1288 2701 veterum

140 2749 310 2829 poetarum
339 2766 391 2808 ars
419 2743 525 2807 omnis
554 2743 701 2826 profecta
729 2747 792 2826 est,
820 2741 854 2805 in
877 2743 1028 2807 omnibus
1053 2742 1184 2807 omnino
1208 2743 1287 2808 locis

141 2851 301 2916 admissae
330 2855 406 2915 sunt
429 2873 448 2914 a
472 2849 584 2932 quavis
608 2848 794 2914 condicione
818 2850 947 2913 liberae.
994 2847 1095 2913 Velut
1117 2853 1191 2914 ante
1215 2852 1286 2914 ulti-

142 2981 228 3023 mam
261 2957 425 3042 dipodiam
458 2956 657 3020 senariorum
687 2955 775 3020 Trin.
805 2957 845 3020 87
873 2960 961 3037 potes
988 2977 1025 3018 nc
1051 2957 1194 3038 sctspicer,
1225 2958 1287 3020 104

98 3076 109 3087 '
140 3087 238 3130 mauu
260 3065 486 3147 Meparoaides,
512 3064 572 3126 141
598 3084 682 3126 aneae
704 3063 946 3144 concreditumst,
970 3061 1048 3125 item
1073 3083 1099 3124 v.
1122 3062 1193 3125 140.
1212 3063 1286 3125 221.

140 3167 1286 3251 mmmmmmmmmmmm

105 3288 111 3298 '
141 3279 226 3363 quod
254 3278 337 3342 hanc
364 3280 492 3341 tantum
520 3276 561 3341 ob
590 3298 738 3340 caussam
765 3297 874 3339 rarum
898 3279 961 3358 est,
990 3274 1153 3357 quianon
1177 3279 1286 3359 potest

140 3385 202 3448 nisi
230 3384 264 3448 in
291 3384 439 3447 versibus
468 3383 715 3467 penthemimeri
738 3404 872 3447 caesura
895 3383 1078 3447 carentibus
1102 3382 1207 3447 locum
1231 3381 1286 3446 ha·

140 3492 215 3556 bere
238 3495 275 3555 ut
298 3514 328 3555 v.
351 3491 428 3558 734:

229 3652 347 3716 Parata
369 3650 427 3714 dos
450 3652 569 3733 omnisl,
592 3650 654 3714 nisi
679 3649 864 3733 exspectare
889 3653 951 3713 uis:

141 3812 242 3877 multo
266 3812 366 3876 etiam
385 3811 489 3876 rarius
509 3811 565 3894 ita,
589 3815 626 3875 ut
644 3809 783 3875 iambica
802 3832 862 3874 vox
882 3809 915 3872 in
935 3808 1074 3874 secundo
1093 3807 1173 3891 pede
1193 3829 1285 3890 prae·

140 3917 242 4002 cedat,
265 3922 301 3982 ut
323 3917 394 3983 Ter.
417 3917 500 3982 Eun.
524 3916 564 3999 V,
591 3920 618 4000 1,
645 3920 697 3982 16:

228 4059 371 4126 Scele‘sta
393 4060 480 4125 oac‘m
503 4059 577 4141 lupc'
598 4057 773 4122 commisti:
796 4056 953 4140 dispudet.

139 4222 210 4297 Quo
242 4225 353 4285 tamen
385 4220 490 4285 tribus
522 4218 668 4283 iambicis
701 4217 836 4302 pedibus
870 4217 1032 4282 continuis
1065 4218 1160 4303 longe
1192 4218 1283 4301 peior

138 4328 334 4395 Bacchidum
358 4351 470 4393 versus
493 4327 535 4412 II,
558 4328 588 4411 3,
617 4327 691 4391 110:

229 4470 265 4534 ld
290 4471 334 4535 mi
357 4470 442 4535 hasd
465 4470 571 4537 otram
593 4470 687 4534 ocelim
709 4468 806 4534 lice‘re
829 4467 992 4553 intellego,
