2986 5010
433 344 693 393 uuaunmrorvis
719 343 926 390 norvanum.
1193 325 1257 388 427

112 488 214 553 tiliter
229 487 453 554 Fleckeisenus
471 510 575 572 nuper
591 486 700 552 docuit
716 486 842 570 [Exere.
857 485 963 551 Plaut.
976 509 1007 569 p.
1021 487 1063 551 48
1076 488 1147 569 sq.].
1183 484 1259 551 Non

112 595 233 660 maiore
257 617 354 679 opera
379 594 481 661 Stichi
505 595 547 674 Il,
570 596 601 678 2,
624 594 668 658 60
683 593 886 695 restituitur:

199 737 269 803 lam
293 760 344 822 epo
367 761 434 804 non
457 738 540 804 facio
560 738 755 803 mintionem:
779 758 854 800 amia
878 735 999 820 dbtigit
1022 737 1067 799 nei
1090 734 1258 799 hereditas.

112 881 156 946 In
177 881 378 947 Menaechm.
402 879 494 965 V,‘f›‚
517 882 560 946 22
584 885 692 946 autem
721 903 780 965 pro
802 881 936 963 peropto
961 879 1089 944 insania
1116 879 1188 962 ipso
1213 899 1259 940 re·

112 990 220 1074 posito
243 990 450 1054 coniunctivo
466 988 592 1071 scribe:

751 1094 827 1180 quid
851 1098 958 1160 cessas
983 1095 1060 1158 dare

201 1204 348 1270 Potionis
373 1202 504 1287 aliquid,
527 1203 718 1287 priusquam
739 1202 898 1287 pe'rcipiat
919 1200 1068 1266 insania?

115 1347 188 1411 Alia
221 1345 368 1429 exempla
406 1348 587 1410 ceterarum
621 1345 845 1410 emendatione
878 1345 1062 1410 fabularum
1086 1343 1250 1408 tollentur.
1261 1366 1418 1407 cuxxxvn

113 1452 175 1518 Sed
196 1454 237 1518 ad
255 1453 485 1518 Terentianum
504 1453 616 1536 au'pedt
632 1454 821 1518 ircddstriam
840 1452 1073 1518 defendendum
1096 1474 1163 1516 non
1185 1457 1261 1516 utar

113 1561 174 1625 hac
193 1561 482 1625 demonstratione:
503 1559 558 1624 ubi
578 1581 649 1624 cum
669 1558 818 1625 Bentleio
838 1582 971 1644 prorsus
990 1559 1135 1625 desidero
1153 1565 1261 1624 uestro
1295 1620 1296 1624 ,

112 1668 313 1752 pronominis
341 1667 523 1749 notionem,
551 1668 653 1751 elapsi
682 1671 790 1749 autem
820 1668 968 1732 versiculi
1000 1667 1135 1732 alicuius
1166 1666 1259 1731 video

115 1775 213 1839 etiam
238 1776 302 1840 alia
325 1775 474 1859 exempla
498 1775 633 1859 proponi
658 1796 763 1859 posse,
787 1779 824 1840 ut

246 1918 444 2003 Bonitasque
468 1918 627 1998 adiutans,
652 1939 734 2003 quae
757 1917 896 1983 antehac
919 1919 953 1982 in
975 1919 1071 1983 uobis
1095 1919 1169 1983 fuit:
1220 1949 1224 1955 ⁸

248 2023 449 2110 Bonitasque
472 2027 592 2108 nostra,
616 2046 697 2108 quae
722 2025 803 2091 alias
828 2026 969 2091 adiutrix
992 2026 1063 2091 fuit.

200 2166 295 2232 Nunc
328 2172 449 2247 autem,
481 2173 654 2252 postquam
686 2190 758 2232 eum
791 2169 912 2253 locum,
945 2170 999 2253 qui
1031 2172 1081 2234 est
1110 2168 1149 2232 de
1179 2190 1259 2233 cor·
1338 2246 1341 2250 Α

113 2275 289 2359 raptione
319 2274 522 2360 longarum
547 2276 752 2361 vocalium,
780 2275 827 2341 ita
850 2277 898 2341 nti
922 2276 1058 2341 fecimus
1082 2279 1260 2358 pertracta

113 2382 225 2464 vimus,
249 2382 345 2448 simul
364 2387 501 2466 apparet
520 2404 576 2447 cur
595 2383 766 2448 brevium
791 2384 985 2450 vocalium
1009 2383 1260 2468 productioni

113 2489 238 2555 nullum
262 2490 395 2556 omnino
419 2489 527 2555 locum
550 2490 584 2556 in
608 2491 760 2575 prosodia
784 2491 913 2576 quidem
932 2490 1085 2556 Plautina
1109 2490 1259 2557 conceda·

113 2620 194 2680 mus,
217 2597 273 2663 sed
296 2600 423 2662 tantum
448 2597 588 2682 aliquem
611 2598 644 2662 in
668 2600 811 2664 metrica.

578 2884 690 2932 cnpvv
714 2865 802 2930 XIV.

202 3008 325 3083 Quibus
349 3012 458 3073 autem
483 3008 725 3074 condicionibus
750 3009 908 3093 syllabam
933 3007 1116 3092 ancipitem,
1139 3006 1259 3071 eisdem

113 3114 243 3179 admitti
266 3114 413 3179 hiatum
437 3119 574 3180 constat.
616 3115 709 3181 Nihil
736 3115 839 3200 igitu'r
862 3115 1052 3198 suspitionis
1075 3114 1259 3179 Trinummi

112 3221 193 3286 haec
208 3222 356 3306 exempla
373 3221 504 3306 habent,
526 3223 641 3308 quibus
662 3222 827 3306 proditum
841 3223 875 3286 in
889 3222 982 3287 libris
997 3221 1124 3286 hiatum
1138 3221 1258 3305 partim

114 3330 241 3394 servavi
260 3330 379 3414 partim
399 3330 559 3415 revocavi,
582 3353 611 3394 v.
630 3331 704 3395 273.
724 3330 799 3395 432.
822 3330 897 3394 907.
924 3329 1017 3395 1059.
1044 3330 1137 3393 1071.
1159 3329 1259 3395 1185:

160 3453 306 3519 Gloriam
330 3460 364 3519 et
382 3455 536 3537 praciam:
559 3455 614 3520 ho'c
636 3455 746 3539 probis
771 3455 952 3539 pretiumst.

158 3561 317 3644 Tempust
338 3561 520 3648 carindia)
544 3562 607 3626 LE.
631 3564 712 3628 oslac
733 3561 786 3626 hic
808 3561 919 3627 Philto
944 3561 998 3647 qui
1022 3560 1174 3625 aduenit?

158 3667 263 3732 Lubet
276 3668 394 3734 audire.
409 3667 472 3732 SY.
486 3669 536 3733 illi
552 3669 665 3753 edepol
679 3669 729 3734 illi
742 3669 843 3734 —illi
857 3705 893 3714 -
909 3691 969 3733 uae
984 3668 1102 3733 misero
1118 3664 1259 3751 mihi.**)

158 3756 208 3838 llo
239 3774 379 3838 domum.
417 3771 483 3838 GH.
515 3773 595 3838 heus
625 3779 675 3858 tu,
706 3782 779 3839 asta
807 3774 894 3840 ilico.
924 3773 1083 3860 aldim),
1112 3775 1186 3839 lictis
1215 3778 1259 3838 tu.

753 3880 812 3947 ST.
836 3904 902 3946 non
927 3886 986 3948 sto.
1024 3880 1090 3947 CH.
1114 3885 1147 3946 te
1174 3881 1259 3946 uolo.

206 4042 232 4106 *)
252 4039 382 4108 [Dubitat
400 4040 434 4094 dc
453 4040 507 4095 hoc
525 4040 654 4110 exemplo
672 4039 843 4095 Ritschelius
861 4039 892 4094 in
910 4040 952 4094 ed.
972 4040 1033 4108 alt]

185 4131 228 4196 **)
249 4128 293 4197 [In
316 4128 359 4184 ed.
382 4129 430 4183 alt
455 4128 625 4184 Bitschclius
649 4129 808 4184 annotavit:
834 4129 894 4183 ‘illi
916 4129 960 4183 illi
983 4129 1026 4182 illi
1049 4144 1111 4182 cum
1131 4128 1260 4184 Acidalio

114 4216 297 4285 Hermannus,
316 4217 416 4272 merito
435 4218 553 4274 fortasse
571 4218 720 4287 probatum
735 4216 844 4272 Naekio
863 4217 898 4272 de
917 4216 1000 4272 allitt.
1020 4235 1047 4286 p.
1062 4223 1122 4273 ³82.
1141 4219 1200 4272 illic
1217 4219 1262 4273 illi

113 4304 264 4360 Muellerus
283 4307 317 4360 de
336 4324 409 4376 pros.
428 4325 455 4377 p.
475 4311 527 4362 668
545 4306 628 4362 valdo
647 4305 845 4374 inconcinna']

166 4393 226 4463 ***)
246 4396 291 4466 [ln
309 4396 353 4452 ed.
373 4396 421 4452 alt.
440 4413 496 4450 non
515 4394 659 4466 displicuit
677 4395 832 4451 Ritschelio
851 4395 941 4450 audio
963 4411 981 4448 a
998 4394 1135 4450 Muellcro
1157 4410 1259 4464 propo·

115 4483 220 4553 sitnm]
