2986 5010
121 414 126 419 .
238 350 304 416 430
527 369 785 419 ssonseoussr
809 372 856 418 ns
880 371 1089 421 sirionmvs

238 509 299 597 (sic
323 514 410 583 enim
434 512 654 601 scribendum)
678 517 836 600 probandi
860 517 892 581 vi
916 520 1013 602 caret,
1037 517 1122 603 quod
1146 539 1211 581 non
1235 538 1311 580 raro
1335 513 1390 578 ebo

238 623 275 683 ut
298 621 514 705 epiphonema
538 627 631 688 extre
653 646 782 688 versum
806 624 950 709 positum
969 628 1027 702 est,
1052 627 1089 688 ut
1108 623 1198 689 Trin.
1217 624 1293 688 934.
1314 623 1390 686 942.

237 725 366 791 Pariter
388 727 505 792 elisum
528 731 584 793 eia'
600 729 701 795 habes
724 731 815 795 velut
837 729 910 796 Cas.
934 729 993 815 ΙΙΙ,
1018 732 1047 814 6,
1071 731 1100 795 4.
1124 729 1218 794 Truc.
1242 729 1266 813 Ι,
1286 733 1318 813 2,
1337 732 1392 812 91,

237 853 333 917 quem
357 835 593 899 Ambrosianus
617 836 708 901 iubet
730 838 778 902 its
800 837 928 902 restitui
951 860 1016 902 una
1039 859 1111 902 cum
1135 836 1299 921 proximo:

349 994 411 1061 AS.
434 996 515 1080 Eia,
538 996 626 1061 haud
655 997 736 1061 itast
762 1019 824 1062 res.
847 996 903 1063 DI.
927 989 982 1063 lin
1011 1003 1048 1062 tu
1076 1021 1147 1063 eam
1176 1021 1226 1062 me
1254 997 1391 1062 amsre‘?

603 1169 609 1176 .
878 1104 939 1171 AS.
963 1105 1064 1170 immo
1088 1106 1180 1170 unice
1203 1110 1315 1171 sinum.

349 1210 404 1276 DI.
432 1211 601 1295 Peperisse
630 1234 702 1277 eam
730 1211 848 1278 s'udr‘ui.
877 1212 939 1279 As,
968 1213 1023 1296 eh,
1054 1213 1204 1295 obsecro,
1232 1217 1306 1276 tace
1335 1211 1391 1275 Di·

876 1321 1017 1385 nisrche.
1043 1320 1098 1385 DI.
1123 1317 1200 1404 quid
1224 1319 1316 1384 iam?

238 1500 308 1576 Quo
328 1504 437 1563 tamen
454 1520 520 1563 non
538 1499 719 1563 rettulerim
739 1520 812 1563 cum
832 1498 1055 1564 Lscsmsso
1074 1520 1216 1582 prooem.
1236 1497 1302 1563 ind.
1316 1499 1392 1562 lect.

237 1606 343 1672 Berol.
362 1610 440 1670 aest.
458 1609 887 1691 s.01010000xxxxv11p.6
903 1609 959 1688 [=
971 1607 1004 1671 in
1018 1605 1111 1670 Lucr.
1127 1628 1245 1671 comm.
1260 1629 1291 1690 p.
1311 1607 1390 1686 164]

236 1714 354 1779 Persae
373 1735 501 1777 versum
521 1712 562 1797 ΙΙ,
581 1715 610 1797 2,
630 1715 682 1799 30,
701 1736 796 1800 quem
816 1715 871 1779 ille
890 1714 936 1779 sic
955 1712 1173 1800 dimetitur*):
1194 1713 1292 1779 Heio.
1309 1713 1391 1778 herli.

237 1827 287 1885 tcto
310 1821 348 1884 c'x
370 1820 501 1902 corgenio,
524 1840 584 1904 ego
609 1820 655 1886 sic
673 1822 798 1906 potius:

150 2007 221 2047 oxo1
347 1981 440 2066 Heio,
463 1982 541 2065 leia,
564 1986 620 2047 tuo
646 1985 683 2047 ex
707 1984 838 2069 ingenio
863 1987 968 2049 mores
992 1984 1116 2049 alienos
1140 1984 1278 2069 probas:

236 2160 365 2243 quando
394 2160 427 2224 in
454 2161 587 2247 longam
618 2162 779 2246 syllabam
808 2185 873 2228 non
901 2163 1006 2248 magis
1035 2162 1252 2228 demonstrari
1275 2164 1390 2246 potest

235 2266 305 2330 lma
327 2266 442 2331 exiisse
466 2291 563 2352 quem
586 2268 648 2351 che,
671 2290 730 2351 pro
754 2291 817 2353 quo
841 2269 894 2334 ebo
917 2274 951 2333 lu
970 2269 1207 2334 Ambrosianus
1231 2269 1390 2351 praebuit

235 2372 322 2437 Trin
342 2374 393 2438 55.
418 2373 570 2439 Ceterum
590 2398 662 2439 cum
685 2397 811 2442 cessare
835 2398 948 2442 vocem
968 2378 1066 2442 etiam
1089 2380 1165 2441 ente
1189 2374 1391 2440 interiectio·

234 2502 309 2543 nem
333 2483 585 2545 consentaneum
610 2483 667 2565 sit,
689 2487 800 2547 tamen
824 2483 874 2547 vel
898 2483 946 2547 sic
969 2483 1062 2548 elisio
1085 2483 1171 2546 haud
1196 2486 1392 2547 cunctanter

236 2585 377 2651 admisse
401 2592 458 2671 est,
483 2593 518 2652 ut
540 2588 627 2655 Trin.
650 2613 678 2654 v.
702 2589 776 2654 536.
801 2589 874 2655 870.
899 2589 971 2654 963.
998 2590 1093 2654 1072.
1120 2589 1218 2654 1059:

347 2766 416 2830 Alii
437 2789 471 2830 se
493 2768 681 2851 suspendere.
704 2788 742 2830 cn
767 2768 824 2847 [eru
850 2766 965 2849 Trinfl]
990 2791 1074 2833 nunc
1095 2768 1163 2852 hic,
1186 2770 1306 2852 quoius
1331 2776 1392 2835 est

346 2856 481 2958 Aperite
508 2874 583 2958 hoc,
613 2877 735 2956 onerem
766 2874 851 2957 bens,
883 2875 975 2959 ecqui
1005 2875 1057 2939 his
1084 2874 1209 2939 foribus
1247 2878 1390 2942 tutelem

876 2983 984 3067 gerit?

346 3072 611 3174 sldgrediundust
634 3088 687 3153 hie
710 3089 807 3154 homo
832 3089 875 3152 mi
900 3094 979 3153 astu.
1002 3089 1089 3171 beses,
1113 3087 1195 3172 de,
1218 3093 1251 3153 te
1277 3092 1386 3156 tribus

876 3195 984 3260 uerbis
1009 3195 1092 3261 uolo.

239 3287 256 3293 w
272 3287 446 3295 ——v-—v-—w—

323 3389 349 3459 *)
375 3390 444 3444 Cum
470 3391 569 3446 eodem
594 3390 774 3445 Lachmanno
800 3406 883 3459 segre
909 3389 969 3443 fero
995 3388 1066 3443 mihi
1091 3389 1176 3443 etiam
1202 3390 1237 3445 de
1263 3392 1385 3447 aliorum

234 3498 363 3536 versuum
387 3481 560 3548 quorundam
584 3497 714 3535 mensura
738 3497 794 3534 non
818 3478 886 3533 satis
909 3478 1065 3533 convenire.
1103 3478 1190 3533 Velut
1212 3496 1313 3549 parum
1339 3498 1385 3536 ex·

232 3570 316 3641 pedio
341 3587 397 3640 qus
420 3588 551 3625 mensura
574 3570 718 3625 decurrere
740 3570 814 3624 hunc
837 3568 970 3624 voluerit:
995 3569 1132 3623 Pecuniae
1149 3570 1283 3638 acmbitcr
1300 3573 1386 3627 αιιὶἀι

234 3666 313 3729 atquc
331 3660 425 3715 liuida.
455 3659 506 3729 [ef.
526 3660 597 3714 Nov.
617 3677 675 3714 exc.
694 3659 786 3714 Plaut.
806 3659 817 3712 I
836 3677 863 3727 p.
885 3659 957 3726 llb]
990 3657 1058 3725 Nec,
1077 3657 1101 3711 si
1120 3658 1187 3727 quid
1206 3659 1301 3728 video,
1321 3679 1385 3730 pro·

233 3749 365 3804 babiliter
387 3748 435 3803 ille
461 3749 561 3820 Amph.
580 3750 602 3817 l,
622 3757 646 3817 1,
667 3756 717 3804 188
741 3751 771 3804 et
788 3749 869 3803 Most.
890 3748 936 3815 IV,
957 3755 981 3815 2,
1001 3754 1035 3802 69
1055 3747 1199 3817 discripsit
1222 3751 1336 3817 [comm.
1356 3749 1384 3804 in

233 3837 313 3894 Luor.
332 3857 359 3908 p.
381 3841 458 3909 162],
482 3839 530 3907 qui
553 3839 624 3892 mihi
647 3838 777 3893 videntur
800 3838 843 3892 his
869 3837 1031 3892 accentibus
1056 3836 1173 3891 notandi
1192 3837 1292 3893 fuisse:

303 3957 374 4036 iline
393 3988 477 4036 uero?
510 3959 563 4037 lio
582 3981 734 4036 enimuero.
762 3979 894 4034 Verbere.
923 3980 1042 4035 Mentire
1060 3998 1147 4036 nunc:

303 4065 364 4144 ilio.
384 4090 476 4158 Atque
496 4105 559 4143 eam
577 4107 662 4144 manu
682 4088 816 4144 emisisse.
835 4065 896 4142 lio.
916 4087 954 4142 Et
966 4089 1115 4157 postquam
1130 4090 1190 4144 eius
1204 4090 1272 4144 hinc
1285 4091 1383 4160 pater:

233 4235 287 4290 nisi
306 4238 380 4307 quod
398 4238 427 4293 in
446 4237 538 4308 priore
556 4255 613 4293 non
631 4237 689 4292 fero
709 4239 785 4304 aine,
809 4236 858 4291 sed
877 4236 1067 4305 reponendum
1086 4238 1155 4306 puto
1170 4237 1230 4290 Ain
1248 4243 1280 4292 tu
1294 4237 1383 4293 uero?

234 4325 455 4381 Commemoravi
473 4330 567 4382 autern
587 4327 658 4382 hsec
676 4330 826 4397 propterea
845 4328 884 4395 ut,
904 4326 927 4380 si
945 4326 1017 4380 forts
1036 4326 1071 4380 de
1091 4322 1131 4378 eis
1149 4326 1223 4380 ratio
1239 4343 1285 4382 ms
1304 4328 1384 4384 fefel-

233 4414 311 4482 lerit,
334 4432 417 4483 quam
440 4418 532 4471 fateor
555 4416 646 4471 adhuc
669 4433 714 4471 me
737 4415 889 4471 credidisse
913 4414 1110 4484 certissimam,
1129 4415 1249 4471 meliora
1267 4435 1286 4472 a
1304 4434 1385 4489 prae·

234 4503 406 4558 slantissimo
425 4506 580 4574 eodemque
600 4505 743 4568 carissimo
763 4506 823 4561 viro
843 4507 968 4561 edocear.
