2918 5004
450 388 685 436 nuranuscun
709 389 836 436 aunan
1148 372 1212 436 659

67 552 178 596 cursus
202 529 286 596 tanti
306 529 369 594 viri
389 552 408 595 a
427 553 588 617 quoquam
610 531 686 596 dum
705 532 801 616 plene
819 531 1018 616 perscriptus
1039 531 1091 609 sit,
1116 536 1213 615 atque

66 639 145 702 olim
168 638 297 703 demum
320 661 386 703 non
410 639 478 703 sine
509 640 679 704 miratione
707 640 828 723 patria,
856 660 938 724 quae
966 642 1000 703 et
1028 638 1137 723 qualia
1164 638 1212 701 illi

66 745 193 829 debeat,
216 745 260 809 sit
283 746 460 830 cognitura.
502 746 530 812 E
555 747 672 831 quibus
696 748 846 812 omnibus
870 747 931 813 hoc
954 767 1024 811 esse
1048 748 1212 810 consecta-

66 853 150 916 rium
183 851 345 936 volumus,
382 856 418 917 ut
448 876 534 918 nunc
567 853 689 918 omissa
720 853 852 939 publica
883 853 953 919 vita
984 854 1019 918 in
1050 875 1089 919 ea
1119 856 1212 937 parte

66 955 342 1025 Humboldtianae
371 958 501 1025 virtutis
530 961 796 1027 commorandum
824 983 893 1027 asse
925 960 1142 1045 intellegatis,
1174 958 1213 1023 de

65 1086 129 1148 qne
143 1065 240 1150 longe
250 1066 512 1152 locupletissima
530 1067 722 1133 testimonia
741 1068 810 1152 ipse
825 1067 1018 1154 prodiderit:
1042 1089 1124 1152 quae
1143 1066 1212 1150 qui-

65 1171 136 1237 dem
161 1173 280 1238 artium
304 1173 550 1261 litterarumque
574 1175 689 1241 studiis
713 1176 1004 1260 comprehenditur.
1045 1173 1078 1238 Is
1103 1177 1212 1239 autem

65 1279 155 1345 locus
175 1303 246 1346 cum
266 1284 299 1345 et
316 1282 451 1367 propius
471 1305 568 1368 quam
592 1281 690 1347 ceteri
714 1303 826 1347 omnes
850 1281 891 1346 ad
913 1284 1042 1346 nostras
1066 1279 1211 1363 ipsorum

66 1387 210 1452 rationes
235 1390 368 1455 accedat
395 1411 453 1455 nec
478 1412 629 1475 superare
653 1413 760 1455 meum
785 1388 924 1455 oratoris
948 1391 1081 1471 captum
1104 1387 1212 1452 videa-

64 1497 129 1576 tur,
158 1498 228 1558 tum
251 1495 300 1559 ita
329 1501 534 1580 comparatus
563 1502 625 1582 est,
653 1500 690 1562 nt
716 1520 776 1564 uec
799 1519 858 1582 per
881 1518 915 1562 se
939 1519 959 1561 a
979 1495 1114 1580 reliquis
1137 1517 1211 1579 par-

64 1601 152 1666 tibus
180 1602 329 1685 publicae
356 1605 565 1690 privataeque
592 1605 762 1671 hominum
791 1605 878 1669 vitae
906 1603 1071 1669 seiunctus
1095 1602 1152 1686 sit,
1180 1604 1213 1665 at

64 1730 140 1774 vero
167 1709 202 1774 in
229 1713 341 1775 tantae
372 1712 605 1797 magnitudinis
633 1713 703 1778 viro
732 1734 804 1778 cum
828 1710 894 1774 illis
917 1710 1016 1795 longe
1040 1707 1212 1792 aptissimo

64 1815 310 1881 necessitudinis
336 1817 465 1883 vinculo
495 1821 709 1886 contineatur.
759 1817 837 1882 Fuit
864 1816 950 1881 enim
977 1816 1045 1894 ille,
1077 1815 1104 1880 si
1139 1814 1212 1900 quis

64 1923 162 2001 alius,
190 1946 229 1987 ex
257 1924 298 1988 iis
326 1926 535 2009 mortalibus,
565 1948 700 2012 quorum
728 1924 853 1990 indoles
882 1945 946 1988 nou
975 1945 1014 1987 ex
1042 1920 1212 1985 elementis

65 2030 260 2116 quibusdam
284 2033 450 2116 tamquam
470 2055 566 2118 opere
585 2032 794 2098 vermiculato
814 2031 997 2116 composita
1016 2032 1067 2094 est
1086 2032 1120 2094 et
1139 2050 1212 2094 con-

63 2135 239 2221 glutinata,
266 2137 323 2201 sed
351 2159 389 2203 ea
417 2139 592 2205 indiscreta
618 2139 744 2205 habens
774 2140 807 2204 in
838 2138 994 2223 simplicis
1025 2136 1211 2221 solidaeque

63 2247 200 2308 naturae
222 2245 363 2330 speciem
387 2247 559 2312 concrevit.
606 2247 676 2324 Quo
704 2246 842 2330 accedit,
869 2245 956 2331 quod
984 2243 1119 2309 eandem
1147 2243 1212 2328 ills,

63 2370 161 2432 quam
192 2350 227 2414 in
259 2349 399 2418 Goethio
434 2357 546 2418 nostro
581 2354 795 2436 admiramur,
830 2354 917 2417 vitae
949 2352 1109 2417 rationem
1144 2355 1211 2415 stu·

63 2454 254 2543 dierumque
284 2459 455 2524 consilium
490 2465 617 2527 secutus
648 2483 668 2526 a
698 2464 801 2526 semet
832 2459 981 2545 lingendo
988 2510 997 2543 ,
1029 2456 1212 2541 excolendo,

62 2562 272 2647 perpoliendo
291 2588 550 2652 unumquemque
570 2568 687 2634 debere
706 2567 793 2632 vitae
812 2565 1062 2632 conformandae
1080 2563 1211 2628 initium

62 2690 177 2753 capere
206 2672 268 2736 sibi
296 2679 514 2757 persuaserat,
542 2697 678 2760 eumque
706 2675 814 2759 ipsum
842 2674 941 2737 finem
968 2692 1039 2735 esse
1062 2669 1211 2754 proposi-

62 2780 132 2839 tum
155 2779 293 2863 singulis
317 2780 510 2845 mortalibus
535 2782 711 2847 statuebat:
736 2781 856 2866 quippe
880 2779 955 2844 hinc
973 2777 1119 2842 futurum
1139 2798 1210 2842 esse

62 2885 99 2945 ut
122 2883 156 2946 in
179 2884 349 2950 commoda
372 2886 539 2951 societatis
563 2887 726 2951 humanae
754 2885 960 2968 civitatisque
988 2883 1129 2948 salutem
1153 2906 1208 2967 op·

61 2973 136 3054 timi
167 2988 291 3057 fructus
325 3014 384 3057 sua
416 2997 532 3077 sponte
564 2993 790 3058 redundarent.
840 2991 949 3076 Atque
977 2989 1038 3056 hac
1066 2991 1121 3055 ille
1149 2991 1211 3074 ria,

62 3118 159 3180 quam
182 3119 257 3163 rara
279 3100 464 3165 constantia
482 3101 597 3186 tenuit,
619 3122 677 3185 per
695 3100 882 3165 universam
901 3097 1003 3164 vitam
1023 3098 1063 3163 ad
1083 3120 1210 3162 summa
1240 3156 1244 3163 .

64 3207 98 3268 et
123 3205 291 3288 praeclara
317 3228 463 3293 quaeque
490 3207 685 3273 contendens
708 3209 742 3273 id
765 3212 814 3272 est
837 3210 1043 3288 consecutus,
1072 3209 1109 3270 ut
1136 3188 1235 3270 cum'

64 3312 254 3379 eruditionis
286 3314 400 3379 decore
432 3315 622 3399 prudentiae
655 3315 759 3381 civilis
791 3314 885 3381 laude
916 3313 1104 3379 felicissime
1136 3333 1209 3377 con·

62 3422 174 3485 iuncta
204 3421 438 3506 propemodum
471 3426 638 3507 exemptus
669 3423 769 3487 fuisse
802 3444 820 3486 e
852 3420 1015 3487 communi
1049 3419 1210 3483 humanae

62 3530 199 3592 naturae
222 3528 446 3594 imbecillitate
470 3529 632 3614 rideatur,
656 3530 775 3616 quippe
799 3550 882 3613 quae
905 3527 1049 3611 disparia
1072 3525 1210 3591 consilia

62 3635 134 3718 pari
156 3635 247 3721 iungi
271 3658 421 3701 successu
448 3659 523 3701 raro
553 3659 651 3721 passa
674 3636 725 3701 sit.
770 3636 864 3701 Illius
888 3639 994 3701 antem
1019 3633 1210 3699 eruditionis

63 3747 185 3825 quanta
216 3742 266 3807 vis
300 3746 333 3807 et
363 3742 495 3808 ubertas
526 3743 638 3821 fuerit,
673 3746 831 3827 quantum
867 3742 977 3808 lumen
1009 3746 1043 3806 et
1075 3762 1209 3807 acumen

62 3849 97 3912 in
125 3848 362 3913 diversissimas
390 3853 499 3933 partes
526 3872 634 3915 rerum
663 3848 878 3915 humanarum
903 3848 1061 3914 latissime
1085 3852 1209 3934 patens,

63 3959 186 4039 quanta
214 3976 266 4020 ars
295 3959 328 4019 et
356 3956 529 4041 elegantia:
561 3956 641 4021 haec
670 3957 697 4020 si
726 3957 876 4042 persequi
905 3956 1097 4040 explicatius
1124 3977 1208 4019 nunc

63 4062 249 4148 aggrediar,
279 4062 450 4127 verendum
484 4064 526 4128 sit
558 4062 719 4149 profecto,
751 4086 792 4128 ne
820 4063 952 4129 edocere
984 4063 1067 4128 velle
1096 4062 1208 4128 doctos

62 4167 180 4234 videar.
235 4169 314 4245 Quis
347 4174 397 4234 est
428 4171 514 4234 enim
548 4171 589 4235 ab
623 4170 825 4236 humanitate
857 4192 923 4236 non
960 4193 1093 4255 prorsus
1131 4171 1207 4235 alie·
1224 4192 1285 4232 v111

61 4297 133 4359 nus,
156 4276 244 4362 quin,
267 4278 462 4363 simulatque
484 4276 715 4344 Hvusssonuan
739 4300 858 4343 nomen
881 4279 916 4343 in
935 4301 1028 4345 aures
1051 4279 1209 4363 inciderit,

62 4381 138 4448 ilico
167 4384 206 4450 de
234 4386 378 4469 perfecto
409 4385 622 4470 omnibusque
653 4386 796 4450 numeris
821 4386 970 4452 absoluto
994 4385 1208 4472 grammatico

63 4488 199 4574 cogitet,
228 4493 339 4577 quales
369 4497 436 4557 tam
467 4515 589 4576 paucos
620 4498 710 4559 aetas
740 4493 884 4557 humana
913 4492 1007 4576 vidit,
1037 4498 1074 4559 ut
1104 4516 1142 4559 eo
1173 4494 1208 4557 in

940 4597 995 4650 42*
