2918 5004
467 365 703 414 narnnuscnn
726 365 855 413 annau.
1166 348 1231 413 653

86 508 289 593 opinionum·
303 507 452 572 tenebras
480 508 645 575 iusserunt
668 512 701 574 et
723 509 826 574 libero
850 507 969 573 indicio
994 507 1230 573 diversissimas

86 616 166 680 artis
188 615 311 681 formas
335 616 496 699 suspicere
520 616 707 701 docuerunt,
731 637 813 700 quae
837 637 902 680 una
926 636 1003 680 sane
1026 614 1130 699 pulcri
1147 617 1230 679 veri-

86 743 147 806 que
174 722 307 787 nctione
336 722 586 808 comprehensae
615 723 781 789 varietatis
816 722 946 808 quidem
975 723 1055 786 fines
1087 721 1232 786 habeant

85 828 202 894 nullos.
249 828 342 906 Quod
366 851 440 894 cum
462 830 547 914 apud
573 830 717 896 animum
741 834 945 915 reputamus,
967 851 1033 895 non
1055 850 1245 913 possumus.

86 935 164 1018 quin
188 935 256 1000 eius
281 936 340 1000 viri
364 938 582 1021 praesentiam
606 938 700 1002 nobis
724 938 933 1023 gratulemur,
958 936 1068 1022 quiin
1093 935 1152 1001 illo
1176 957 1229 1020 ge-

86 1064 162 1107 nere
180 1042 332 1127 princeps
351 1050 448 1128 longe
467 1043 728 1127 praeclarissimo
747 1043 903 1127 exemplo,
928 1042 1003 1127 quid
1023 1046 1108 1108 esset
1126 1047 1229 1107 recte
1260 1089 1265 1098 .

87 1172 325 1234 comparare,
356 1152 562 1216 monstravit:
594 1173 689 1237 quem
713 1151 740 1215 si
764 1151 894 1216 nomine
918 1150 1091 1234 appellem,
1119 1171 1230 1213 veren-
1245 1177 1266 1215 x

87 1258 163 1323 dum
188 1258 232 1322 sit
255 1280 294 1323 ne
320 1261 352 1321 et
375 1258 439 1343 ipsi
463 1259 650 1343 displiceam
675 1262 708 1323 et
725 1259 857 1324 edocere
876 1256 961 1322 velle
979 1258 1091 1323 doctos
1111 1256 1231 1322 videar.
1314 1266 1316 1276 '

176 1363 270 1431 Nunc
294 1370 331 1430 ut
353 1387 391 1430 eo
416 1366 498 1430 unde
522 1366 652 1431 deflexit
675 1366 779 1431 oratio
803 1370 992 1450 revertatur,
1016 1365 1139 1431 satisne
1163 1387 1232 1429 mu-

86 1473 172 1537 nisse
191 1473 282 1539 illam
301 1473 497 1539 sententiam
516 1473 782 1558 existimabimur,
805 1496 869 1559 qua
888 1473 1112 1538 abstinendum
1132 1494 1233 1556 pmva

87 1600 199 1643 eorum
221 1580 404 1665 principum
428 1581 669 1665 comparatione
693 1580 895 1665 dicebamus,
927 1601 1064 1664 quorum
1093 1578 1232 1643 alterum

86 1686 211 1769 patriae
235 1708 298 1752 non
323 1689 496 1772 potestatis
520 1692 658 1773 tantum,
682 1688 738 1753 scd
762 1687 876 1771 laudis,
900 1686 955 1752 sed
974 1686 1121 1751 caritatis
1140 1684 1231 1749 here-

88 1793 159 1857 dem
183 1816 387 1878 veneramur,
416 1796 554 1859 alterum
582 1796 655 1879 piae
679 1798 854 1880 grataeque
877 1793 1051 1858 memoriae
1074 1792 1232 1877 religione

87 1899 183 1966 hodie
206 1901 364 1966 eclimus?
411 1901 473 1978 Qui
504 1902 532 1966 si
555 1901 683 1967 diversa
712 1903 810 1966 etiam
833 1888 930 1966 in'ea
951 1904 1045 1986 parte
1068 1900 1150 1986 regii
1173 1901 1233 1964 im·

86 2007 169 2091 perii
193 2007 308 2073 sectati
332 2011 421 2092 sunt,
454 2029 536 2093 quae
564 2008 605 2072 ad
627 2031 686 2074 nos
711 2009 844 2093 propius
868 2009 1022 2093 pertinet,
1054 2008 1088 2071 in
1114 2007 1231 2072 artium

86 2114 333 2199 litterarumque
365 2137 455 2200 cura,
488 2115 570 2180 nihil
598 2115 745 2201 profecto
772 2116 847 2182 inde
876 2138 1008 2181 caussae
1040 2119 1232 2199 repetemus,

89 2242 146 2286 cur
174 2222 276 2288 altero
306 2224 443 2289 alterum
472 2224 523 2289 vel
551 2224 821 2309 praestantiorem
849 2224 1025 2290 habeamus
1056 2222 1106 2287 vel
1136 2222 1231 2288 nobis

87 2330 253 2395 cariorem.
299 2330 348 2397 Ac
371 2334 448 2396 sunt
470 2330 520 2395 illi
543 2352 621 2396 sane
645 2331 744 2395 etiam
769 2331 803 2395 in
827 2330 888 2396 hoc
912 2351 1029 2416 genere
1053 2330 1145 2395 valde
1169 2330 1231 2394 dis·

88 2459 197 2522 pares:
230 2460 367 2522 quorum
399 2439 494 2522 alter,
527 2437 612 2524 quod
643 2438 826 2503 litterarum
858 2438 1019 2503 suavitate
1050 2437 1231 2522 artiumque

90 2544 256 2610 dulcedine
289 2545 422 2610 mirifice
455 2545 589 2612 allectus
621 2548 712 2611 totus
745 2545 780 2609 in
807 2544 874 2609 illis
901 2545 970 2629 ipse
999 2534 1050 2609 est
1077 2548 1111 2608 et
1138 2544 1232 2629 quasi

88 2652 226 2738 habitat,
248 2653 406 2738 praeclari
429 2653 552 2738 ingenii
572 2653 716 2717 studium
735 2655 768 2716 et
787 2674 917 2736 operam
938 2650 1052 2715 adeas
1073 2649 1233 2734 colendas,

90 2759 327 2843 sustentandas,
350 2759 586 2844 promovendas
609 2780 743 2842 prorsus
762 2758 960 2842 singularem
979 2757 1117 2842 confert3
1140 2757 1232 2839 alter,

89 2866 117 2929 si
147 2888 258 2930 verum
289 2867 439 2931 volumus
469 2866 580 2949 fateri,
611 2888 677 2931 non
707 2885 761 2929 eas
793 2865 1015 2950 praecipuis
1045 2865 1079 2930 in
1110 2863 1231 2929 deliciis

88 2973 212 3037 habens
242 2994 301 3036 nec
331 2973 428 3036 insito
458 2975 594 3037 naturae
626 2971 785 3038 desiderio
816 2972 857 3037 ad
885 2972 1075 3037 eruditionis
1102 2971 1232 3056 potissi-

89 3103 177 3145 mum
197 3078 304 3145 studia
323 3078 486 3163 abreptus,
510 3100 547 3143 ea
565 3082 674 3144 tamen
694 3078 778 3165 quod
798 3079 962 3162 salutaria,
986 3079 1072 3164 quod
1094 3079 1233 3144 honesta

89 3209 160 3252 esse
192 3186 408 3267 intellexerat,
442 3184 607 3268 amplexus
636 3189 699 3270 est,
732 3189 886 3271 tantaque
915 3189 948 3250 et
974 3186 1172 3252 liberalitate
1200 3190 1233 3251 et

89 3294 292 3379 providentia
319 3293 457 3378 adiuvit,
491 3292 583 3378 quasi
612 3293 646 3357 in
673 3293 790 3358 intimo
815 3294 886 3358 sinu
910 3294 1043 3359 foveret.
1089 3293 1233 3369 Quorum

89 3405 238 3491 neutmm
263 3405 313 3467 est
336 3400 508 3484 eiusmodi,
535 3404 572 3465 ut
599 3421 656 3483 per
680 3423 714 3465 se
739 3400 844 3465 solum
869 3400 912 3466 sit
935 3405 968 3465 et
990 3401 1083 3466 unice
1106 3404 1234 3485 praeter

90 3509 228 3573 alterum
255 3509 473 3593 probandum,
508 3511 682 3592 utrumque
710 3508 757 3572 ita
785 3511 1023 3592 comparatum,
1055 3510 1104 3591 ut,
1137 3507 1233 3572 modo

91 3614 170 3679 lines
195 3614 325 3699 quidam
350 3617 428 3680 certi
450 3638 491 3680 ne
515 3616 710 3701 migrentur,
739 3637 819 3700 quos
842 3616 929 3679 ultra
952 3615 1098 3699 citraque
1121 3615 1234 3700 nequit

90 3722 266 3786 consistere
289 3725 425 3805 rectum,
453 3722 615 3807 insignem
644 3721 765 3786 habeat
786 3721 896 3806 regiae
919 3721 1048 3787 virtutis
1073 3744 1233 3786 commen·

90 3827 262 3892 dationem.
306 3828 420 3912 Neque
449 3829 535 3894 enim
563 3829 614 3893 vel
642 3830 684 3894 ab
709 3830 813 3894 altera
834 3832 927 3913 parte
950 3829 1018 3895 ullo
1042 3828 1138 3895 modo
1162 3851 1234 3894 eam

91 3934 255 3999 doctrinae
278 3934 405 4001 laudem
429 3934 572 3999 affectari
590 3934 746 4019 videmus,
769 3957 851 4020 quae
874 3935 984 4020 regiae
1008 3935 1178 4020 dignitatis
1201 3941 1235 4000 et

93 4043 340 4125 temperantiae,
363 4041 415 4106 vel
438 4064 494 4107 eos
519 4046 667 4125 sumptus
695 4042 852 4127 impendi,
883 4043 938 4128 qui
964 4042 1177 4127 aequabiliter
1199 4044 1233 4106 in

92 4170 204 4213 omues
228 4149 370 4214 civitatis
393 4153 502 4232 partes
526 4147 660 4213 diffusae
684 4148 975 4214 administrationis
995 4148 1126 4213 modum
1146 4171 1234 4214 exce·

93 4255 185 4321 dant:
208 4278 268 4322 nec
290 4256 435 4342 profecto
459 4255 653 4321 Farnaarco
677 4255 863 4322 Gwnnuuo
886 4256 936 4321 ΙΙΙ
959 4277 998 4320 ea
1021 4256 1132 4321 deerat
1155 4255 1234 4321 libe·

93 4364 169 4429 rahe
187 4364 362 4449 institutio,
381 4364 459 4451 quin
477 4364 596 4428 litteris
615 4366 747 4429 eatenus
766 4363 910 4428 imbutus
929 4363 1035 4446 fuerit,
1053 4369 1098 4446 ut,
1121 4364 1234 4448 quanti

93 4472 202 4534 essent
224 4471 452 4555 aestimandae,
475 4492 538 4555 qua
561 4470 686 4535 ratione
710 4469 936 4554 sublevandae,
960 4491 1055 4553 quem
1079 4471 1234 4534 adfinem
