2992 5004
443 292 708 371 anaxnnrroxr's
733 322 939 372 acerruma.
1198 305 1264 370 375

116 469 289 554 deciplas
313 468 492 534 valiturum
515 468 561 534 sit
583 490 680 552 quam
703 469 895 553 correptum,
918 466 946 532 si
969 466 1019 532 dis
1042 466 1158 551 placet,
1181 467 1265 531 dcem

116 575 326 660 quudrdpiutu
350 575 411 657 [sic
434 574 468 640 in
491 574 578 658 edit]
603 572 822 639 Mostellariae
845 572 905 658 III,
927 575 953 659 1,
978 574 1051 660 115,
1073 574 1127 659 qui
1151 595 1264 640 versus

116 683 163 749 sic
185 681 410 770 corrigendus:

275 824 338 891 Sed
362 827 515 892 arraboni
539 827 598 891 has
622 827 715 891 mnas
740 824 957 910 quadraginta
980 823 1078 889 dedit.
1088 823 1120 910 *)

115 969 162 1035 Et
185 973 221 1035 ut
242 969 304 1034 hac
328 970 572 1054 opportunitate
598 968 696 1034 etiam
721 968 760 1033 ad
784 969 903 1034 dedisse
925 967 1154 1033 removendum
1178 971 1261 1051 utar,

115 1079 150 1142 in
172 1076 425 1162 Amphitruonis
449 1077 595 1142 versibus
618 1075 660 1159 II,
684 1076 712 1158 2,
739 1075 816 1141 129:

205 1205 357 1306 Obsecm,
380 1221 521 1286 etiamne
543 1220 605 1286 hdo
628 1220 774 1307 negabis,
797 1224 829 1285 te
853 1223 983 1315 auream
1007 1221 1154 1305 paterdm
1178 1218 1259 1284 mihi

204 1327 338 1394 Dedisse
362 1327 447 1393 dono
471 1327 579 1411 hodie,
602 1331 721 1413 quate
746 1328 813 1393 illic
836 1328 993 1393 donatum
1013 1348 1082 1392 esse
1101 1324 1251 1392 dixeras?

116 1472 155 1538 de
178 1472 259 1539 vitio
283 1493 413 1537 monere
436 1469 487 1535 vel
510 1471 572 1537 hoo
594 1474 706 1555 potest
727 1470 827 1555 quod,
859 1491 932 1535 oum
955 1471 1035 1536 dono
1056 1469 1145 1535 bodie
1167 1470 1202 1534 in
1224 1470 1259 1534 B
1273 1489 1372 1529 cxxvr

113 1579 166 1662 sit,
187 1579 276 1646 bodie
296 1581 376 1645 dono
394 1577 429 1644 D
447 1578 586 1662 exhibet,
609 1578 894 1663 interpretamenti
917 1577 1034 1644 indicio
1057 1577 1110 1642 hio
1133 1599 1260 1663 quoque

113 1686 296 1753 manifesto.
342 1686 458 1752 Deleto
479 1687 560 1752 dono
584 1686 690 1752 scribe

202 1811 353 1912 Obsecro,
376 1830 516 1894 etiamne
540 1829 603 1894 hdo
625 1830 773 1915 negabis,
796 1831 927 1894 auream
950 1791 1108 1911 pateram
1123 1828 1205 1893 mihi

201 1934 248 2000 Te
272 1935 397 2002 dedisse
420 1936 527 2021 hodie,
549 1959 614 2022 que
636 1944 669 2003 te
692 1937 740 2002 illi
765 1936 921 2002 donatum
944 1958 1014 2001 esse
1037 1932 1186 2001 dixeras?

113 2081 176 2146 nisi
205 2081 277 2165 quis
304 2083 471 2166 praestare
500 2080 618 2146 dixerit
639 2081 744 2146 Hodie
767 2085 794 2145 te
816 2080 944 2159 dedice,
970 2100 1033 2163 qaeu
1055 2079 1106 2145 illi
1128 2079 1160 2145 te‘
1177 2080 1206 2145 d.
1229 2080 1259 2151 d.

112 2188 164 2253 Ad
187 2189 298 2254 dedisti
320 2192 357 2253 ut
380 2187 604 2272 redeam,‘hoc
627 2188 683 2274 qui
706 2191 816 2252 tuetur
835 2187 943 2252 media
961 2191 1110 2272 correpta
1129 2185 1259 2270 dietum,

114 2317 267 2381 quaerere
290 2295 367 2361 licet
390 2318 446 2361 cur
464 2317 530 2362 non
549 2295 649 2360 etiam
667 2294 825 2380 producta
843 2294 949 2379 prima
968 2294 1096 2380 syllaba
1114 2295 1259 2379 positum
1305 2376 1306 2379 Ἴ

28 2421 35 2432 ·
114 2426 184 2469 esse
213 2402 307 2468 libris
335 2402 445 2468 eredat
466 2402 593 2469 Trucul.
621 2401 667 2486 II,
691 2403 726 2485 6,
749 2402 805 2467 36:
842 2401 991 2485 mdpa-um
1013 2402 1125 2468 dedisti
1146 2403 1257 2469 &cust

111 2509 195 2576 Nam
221 2511 373 2575 mutilum
397 2511 437 2575 ab
462 2510 556 2576 initio
580 2532 650 2575 esse
675 2507 876 2575 Curculionis
900 2508 942 2594 H,
961 2511 991 2594 3,
1011 2510 1052 2576 66
1076 2510 1148 2596 ipsa
1172 2511 1255 2576 ratio

112 2640 296 2682 sermonum
325 2617 447 2703 arguit,
479 2618 534 2701 qui
565 2617 674 2683 addito
704 2618 771 2681 sive
801 2617 845 2682 ite·
871 2616 938 2681 sive
966 2638 1018 2700 epo
1043 2617 1089 2683 sie
1112 2618 1198 2682 inter
1222 2639 1256 2682 se

113 2723 330 2811 distinguendi
353 2727 442 2790 aunt:

200 2851 251 2932 lbi
271 2866 428 2934 ‘dedistis
446 2872 483 2933 tu
502 2866 712 2954 argentum‘?'
732 2838 874 2951 inquam.
899 2850 1021 2933 ‘immo
1046 2867 1131 2952 apud
1149 2869 1255 2951 trape-

909 2973 1008 3039 zitam
1031 2972 1245 3056 situmst‚'**)

109 3118 242 3205 Ergone
269 3140 369 3184 unum
392 3117 519 3182 salvum
546 3138 616 3181 esse
640 3116 838 3181 Menaechm.
861 3114 919 3200 IV,
942 3116 977 3200 3,
1002 3114 1043 3180 15
1071 3116 1254 3202 exemplum

110 3227 234 3293 credes:

199 3369 282 3435 cute
305 3369 393 3434 ultro
418 3370 532 3435 adme
556 3368 710 3453 detulisti,
734 3366 852 3433 dedisti
876 3389 947 3432 eam
971 3366 1055 3433 dond
1080 3368 1171 3453 mihi,

111 3535 243 3597 prorsus
267 3511 347 3579 illud
371 3512 554 3578 solitarium
577 3514 612 3578 in
635 3512 710 3597 plus
733 3511 870 3597 triginta
893 3510 1059 3595 legitimae
1082 3512 1254 3596 prosodiae

112 3620 268 3705 exemplis
292 3617 453 3685 Plautinis
476 3618 760 3705 Terentianisque,
792 3623 829 3685 ut
851 3622 978 3683 taceam
996 3619 1170 3701 perdidisti,
1194 3640 1254 3683 cre-

110 3727 219 3792 dedesti
244 3725 390 3796 formas?
434 3725 489 3791 An
515 3726 611 3794 nobis
638 3726 747 3810 potius
771 3726 893 3807 eredes,
926 3729 983 3790 aut
1005 3725 1084 3791 ddno
1106 3725 1184 3790 mibi
1205 3726 1253 3790 dc-

110 3834 184 3899 disti
201 3854 270 3898 eam
287 3833 584 3917 transponentibus,
608 3836 665 3897 aut
682 3832 787 3897 lenius
807 3833 906 3897 etiam
925 3832 973 3898 sio
992 3831 1253 3897 emendantibus:

217 4067 242 4131 *)
263 4063 317 4133 [Ex
335 4061 506 4117 Addendis
525 4081 551 4132 p.
571 4076 699 4117 cccxxv:
721 4060 809 4116 ‘adde
827 4059 974 4116 baioariae
993 4060 1039 4126 IV,
1061 4067 1084 4128 1,
1104 4067 1129 4130 7,
1147 4060 1178 4115 in
1197 4078 1251 4130 quo

110 4153 195 4224 vulgo
214 4154 289 4208 dedit
307 4151 455 4222 corripitur
473 4154 537 4205 ante
556 4153 641 4205 dorso:

357 4260 450 4314 Lenad
469 4257 570 4329 uiginti
589 4259 668 4311 mnae
687 4257 760 4313 dono
780 4259 889 4326 argenti
908 4256 997 4312 dedit:

109 4366 149 4422 sic
167 4367 240 4422 enim
260 4367 344 4437 plane
364 4382 420 4423 non
439 4366 537 4422 dubito
555 4365 623 4435 quin
641 4364 881 4434 transponendum
900 4364 971 4436 sit']

197 4455 239 4525 ”)
260 4456 314 4528 [cl.
334 4457 434 4527 Opnso.
453 4456 522 4526 phil.
542 4454 567 4509 Il
586 4473 612 4525 p.
633 4454 706 4525 524]
