2986 5010
426 370 688 416 anunnamoms
714 371 921 418 1111111111.
1180 356 1243 418 411

99 538 176 580 nam
204 516 362 580 absonum
392 518 443 578 est
466 513 505 577 dc
530 512 649 579 statar·
672 513 826 598 cogitare.
872 513 1029 578 Vitiosior
1052 515 1153 578 etiam
1176 512 1244 578 Mil.

99 621 281 721 111‚<1‚f36
305 621 470 703 geminum
495 624 707 704 anapaestum
732 620 894 705 excipiens
919 621 1093 704 spondeus:

188 763 283 830 Clare
308 763 408 829 oculis
433 763 541 845 uideo,
564 760 679 847 pernix
702 784 787 845 sum,

98 909 154 974 ubi
178 929 248 973 srcm
264 906 380 990 aaa
402 905 694 991 transponendum:
728 905 873 970 omnium
898 910 1007 971 autem
1031 906 1185 988 maxime,
1217 905 1244 969 si

99 1039 195 1101 quem
218 1015 335 1080 horum
359 1034 490 1078 sensum
513 1012 628 1095 habeo,
651 1012 874 1078 intolerabiles
897 1012 932 1077 hi
956 1015 1107 1077 accentus
1127 1010 1244 1076 Bacch.

99 1124 164 1188 394
189 1123 297 1204 [42611

189 1212 274 1293 riute
298 1228 401 1293 solem
424 1228 607 1294 adamata
630 1228 693 1293 nisi
717 1225 751 1292 in
774 1228 974 1311 palaestram
997 1230 1146 1292 ueneras:

99 1374 152 1456 qui
177 1394 287 1437 versus
311 1370 382 1434 vide
406 1373 528 1454 quanto
552 1371 656 1435 lenius
680 1370 840 1435 veluteis
864 1370 956 1434 fluat:

187 1497 274 1581 111111
298 1514 399 1579 solem
423 1511 488 1578 nisi
512 1519 547 1579 tu
571 1511 809 1579 1111111111
833 1536 863 1596 p.
888 1538 917 1577 u.

188 1658 357 1723 Postremo
386 1657 533 1741 primus
563 1661 652 1740 post
680 1656 867 1721 creticum
896 1678 961 1740 pes
991 1679 1056 1721 non
1087 1658 1244 1723 minorem

99 1787 196 1849 quam
219 1765 253 1829 in
277 1765 359 1848 ipsis
383 1763 519 1828 senariis
543 1763 734 1828 varietatem
757 1764 892 1847 recepit:
920 1785 979 1827 nec
1002 1763 1053 1827 vel
1077 1763 1244 1829 tantillum

98 1871 316 1955 inelegantius
340 1871 408 1935 sive
432 1870 608 1953 spondiaca
632 1869 699 1933 sive
723 1870 931 1954 anapaestica
955 1891 1015 1934 vox
1039 1869 1107 1933 illic
1124 1869 1244 1934 habere
1342 1904 1348 1910 ·

98 1978 170 2043 visa
193 1982 256 2061 est,
289 1981 324 2041 ut
352 1977 419 2042 ulla
441 1999 595 2062 umquam
619 1999 708 2060 cura,
742 1976 840 2041 etiam
865 1977 921 2041 ubi
945 1976 1058 2041 liceret
1080 1976 1244 2059 facillime,

99 2085 204 2150 vitata
226 2086 278 2149 sit.
312 2084 381 2151 Nec
405 2085 536 2151 omnino
559 2085 671 2170 fugere
695 2107 889 2169 quemquam
914 2088 1031 2168 potest,
1055 2090 1243 2149 accentuum

98 2196 131 2256 et
158 2213 365 2257 numerorum
393 2193 658 2278 repugnantiam,
695 2193 736 2256 ab
765 2192 838 2276 ipsa
860 2192 1051 2256 necessitate
1075 2191 1159 2277 apud
1182 2191 1244 2260 hos

96 2304 210 2383 poetas
230 2298 408 2382 profectam
431 2304 463 2364 et
481 2304 648 2383 tamquam
667 2298 780 2364 invitis
799 2321 994 2382 concessam,
1013 2298 1133 2363 eisdem
1154 2298 1243 2382 paul·

96 2408 190 2474 latim
214 2407 248 2473 in
271 2408 473 2491 voluptatem
497 2407 632 2471 vertisse
657 2410 690 2471 et
713 2408 818 2472 multo
837 2407 927 2492 prius
946 2429 1012 2472 non
1030 2405 1184 2470 mediocri
1203 2427 1257 2487 eu¹

97 2519 189 2598 parte
222 2515 354 2600 probari
387 2518 536 2598 coeptam
570 2537 640 2579 esse
672 2517 710 2580 ut
742 2515 862 2600 aliquid
891 2515 1015 2601 gratiae
1044 2516 1243 2597 afferentem,

97 2644 193 2706 quam
218 2623 396 2687 incertam
421 2621 685 2687 consuetudinem
710 2622 779 2686 eius
803 2621 922 2687 aetatis
947 2622 1393 2707 abiret,quacex·ccxxx1x

33 2758 36 2764 ¹
96 2732 218 2795 cultam
243 2734 276 2793 et
294 2729 334 2793 ad
354 2728 462 2814 legum
482 2730 700 2793 constantiam
719 2732 905 2794 revocatam
925 2729 1124 2813 syllabarum
1145 2752 1242 2814 quan·

95 2840 225 2903 titatcm
256 2837 361 2902 solam
393 2842 504 2900 secuta
534 2840 592 2899 est.
644 2835 732 2911 Quae
763 2835 902 2900 mutatio
930 2857 988 2919 per
1016 2857 1095 2920 quos
1124 2836 1242 2921 gradus

96 2964 270 3029 progressa
295 2943 347 3024 sit,
371 2941 475 3006 altera
498 2964 536 3006 ex
559 2945 652 3026 parte
675 2941 750 3005 finis
775 2962 947 3042 versuum·
960 2942 1064 3007 altera
1083 2964 1121 3005 ex
1140 2946 1242 3027 parte,

96 3050 151 3115 sed
176 3050 302 3114 diversa
325 3049 461 3131 ratione,
485 3048 660 3113 eorundem
683 3047 813 3113 initium
837 3049 993 3113 ostendit:
1027 3049 1242 3115 luculentissi-

96 3179 150 3222 mo
183 3161 292 3221 autem
323 3156 516 3220 documento
547 3155 692 3239 ipsorum
724 3155 857 3221 initium
891 3155 1149 3240 septenariorum
1182 3160 1241 3221 cst.

96 3263 195 3328 Velut
219 3263 302 3348 qnod
327 3263 423 3327 modo
448 3263 608 3346 dicebam,
637 3284 676 3326 ne
700 3261 841 3328 voluisse
865 3263 994 3347 quidem
1018 3267 1141 3328 veteres
1165 3263 1240 3328 illos

96 3371 271 3454 spondiaco
303 3370 356 3460 vel
384 3369 592 3453 anapaestica
623 3369 780 3434 vocabula
809 3371 955 3454 proximo
983 3375 1059 3455 post
1087 3371 1240 3436 creticum

95 3477 167 3543 loco
191 3478 305 3561 vitare,
327 3479 417 3542 velut
440 3476 528 3540 Trin.
552 3476 629 3541 855:

185 3620 354 3697 Quomodo
378 3621 517 3704 quidque
540 3621 673 3702 apuam:
696 3641 783 3683 nunc
806 3620 886 3684 adeo
936 3670 942 3681 .
1003 3671 1008 3682 .
1070 3671 1075 3682 .
1160 3671 1168 3702 ,

95 3761 127 3828 id
151 3762 299 3846 plurimis
323 3763 479 3847 exemplis
502 3760 699 3846 perspicitur
722 3761 905 3826 huiusmodi
930 3760 1031 3847 (Trin.
1052 3765 1126 3828 843.
1146 3762 1239 3848 848):

184 3903 269 3971 Huic
293 3925 353 3989 ego
378 3905 428 3969 die
449 3903 453 3986 Ι
473 3905 583 3970 nomen
606 3904 796 3969 Trinummo
869 3955 875 3967 .
936 3956 941 3967 .
1003 3957 1011 3985 ,ι
1070 3957 1075 3968 .
1136 3957 1142 3968 .

185 4010 267 4088 Quia
290 4033 351 4097 ego
374 4033 459 4076 nunc
479 4009 484 4096 Ι
503 4011 627 4093 cutim
649 4011 748 4074 trium
772 4032 939 4075 nummum
1002 4063 1007 4073 .
1068 4063 1074 4074 .
1135 4063 1141 4074 .

96 4154 255 4231 Quantilli
289 4154 373 4218 enim
404 4152 512 4217 fuerat
543 4174 608 4217 non
641 4153 788 4238 neglecto
821 4157 956 4216 accentu
989 4152 1069 4218 haec
1099 4153 1145 4219 sic
1177 4154 1238 4218 dis·

94 4284 226 4345 ponere:

182 4368 267 4434 Huic
291 4389 350 4454 ego
369 4368 481 4433 odmen
502 4351 555 4432 dic
578 4367 766 4432 Trinummo
802 4417 1141 4432 ......

184 4474 269 4552 Quia
292 4495 352 4560 ego
375 4475 499 4558 sotiyor
521 4479 606 4539 nunc
629 4474 728 4540 trium
753 4497 942 4539 nummum.
1002 4527 1008 4538 .
1069 4527 1075 4538 .
1136 4527 1141 4538 .
