2986 5010
421 340 684 390 sununnmours
708 340 911 388 intumum.
1183 324 1247 388 417

189 485 304 551 Hostis
328 490 378 552 est
399 488 479 552 uuor
501 488 604 552 inuita
628 509 709 571 quae
734 486 775 549 ad
799 486 904 550 uirum
928 488 1066 569 nuptum
1090 485 1198 550 datur:

102 628 218 712 quibus
253 628 328 693 addi
361 633 500 714 possunt
533 629 650 714 Amph.
678 628 709 712 Ι,
735 632 767 712 1,
791 629 843 694 68.
875 629 926 693 74.
963 629 1052 692 Asin.
1077 626 1117 709 V,
1139 628 1174 710 2,
1199 629 1249 692 77.
1286 649 1288 654 ·

102 734 219 800 Bacch.
242 735 283 820 V,
306 737 336 819 2,
359 737 415 800 44:

190 868 316 974 Diinde
339 883 474 963 uterque
497 880 664 962 irruperato'r
686 880 720 943 in
745 879 886 944 medium
909 881 1036 943 exeunt.

190 987 369 1069 Imperator
392 992 526 1072 uterque
549 985 626 1052 hinc
650 991 683 1052 et
706 985 797 1051 illinc
821 986 901 1050 Ioui.

190 1091 287 1158 Modo
316 1116 414 1178 quom
442 1094 529 1159 dicta
558 1094 592 1157 in
620 1116 671 1158 me
698 1092 884 1178 ingerebas,
917 1094 1040 1178 odium,
1073 1116 1137 1159 non
1170 1094 1250 1159 uxor

957 1224 1053 1266 eram.

191 1307 295 1391 Tune,
326 1306 424 1372 homo
458 1307 584 1392 putide,
617 1308 739 1373 uenator
770 1307 854 1373 istac
886 1308 956 1372 fieri
989 1310 1096 1373 aetate
1129 1308 1249 1372 audes?

956 1413 1022 1491 Qui
1042 1415 1131 1479 non?

101 1554 191 1643 (nam
224 1556 384 1642 probandi
418 1557 483 1622 vim
515 1560 641 1623 nullum
664 1559 759 1643 Epid.
783 1559 822 1642 V,
849 1560 875 1642 1,
900 1560 944 1623 50
967 1558 1080 1642 habet,
1119 1557 1249 1622 dubiam

100 1662 197 1728 Merc.
221 1663 277 1750 lv,
300 1665 330 1749 4,
354 1665 410 1730 60:

190 1806 329 1892 Se‘quere
358 1808 418 1873 hac
447 1831 497 1873 me
524 1811 619 1874 soro'r.
665 1809 731 1876 ΕΡ.
759 1810 832 1895 Ego
863 1810 903 1875 ad
931 1832 991 1874 uos
1015 1807 1248 1893 Thesprionem

955 1917 1097 1982 iussero:

197 2023 290 2102 onr,
313 2022 393 2087 heus
419 2046 506 2107 uxor,
530 2025 728 2109 quamquam
752 2028 789 2088 tu
812 2005 923 2089 iratai's
948 2023 1056 2108 mihiz)

101 2163 265 2230 addendus
294 2165 357 2230 erit
380 2166 493 2250 etiam,
523 2171 561 2231 ut
583 2189 652 2252 cap.
675 2166 738 2232 XV
763 2169 806 2251 [p.
831 2183 961 2231 ccxxix
986 2164 1094 2251 (463)]
1119 2138 1251 2250 docebo,

101 2271 285 2336 Trinummi
307 2296 336 2338 v.
363 2274 448 2339 1016
471 2276 517 2339 sic
542 2274 649 2339 uerbis
673 2274 789 2339 leniter
812 2275 1034 2358 transpositis:

191 2414 382 2501 Gurguliost
405 2418 559 2495 exercitur,
582 2418 610 2481 is
630 2418 795 2482 hominem
814 2415 937 2502 hunc*)
958 2417 1123 2482 cursurum
1142 2418 1249 2483 docet:

101 2558 157 2621 scd
180 2579 220 2622 ne
244 2558 282 2622 de
308 2559 372 2623 illis
392 2560 522 2644 quidem
542 2561 643 2625 ullam
662 2560 833 2625 dubitandi
853 2583 1001 2626 caussam
1021 2560 1115 2626 video
1133 2559 1250 2625 Bacch.

100 2662 125 2748 1,
145 2665 176 2748 2,
197 2666 246 2729 15.
275 2663 366 2750 capr.
386 2666 442 2751 iv,
462 2668 492 2750 2,
512 2669 541 2732 2.
569 2666 666 2752 spu.
685 2667 742 2752 111,
763 2666 793 2751 2,
813 2668 865 2732 35.
894 2668 1013 2753 Amph.
1032 2666 1057 2751 1,
1077 2669 1107 2751 3,
1126 2669 1182 2733 50:

190 2806 206 2871 Ι
229 2809 353 2873 stultior
376 2831 409 2873 es
433 2810 572 2875 barbaro
596 2809 729 2877 Potitio.

190 2913 296 2977 Tanto
322 2917 365 2980 mi
390 2916 558 3001 aegritudo
582 2918 702 2980 auctior
724 2921 774 2981 est
796 2917 829 2981 in
853 2918 971 2983 animo.

196 3020 356 3085 Vorsutior
379 3044 412 3087 es
436 3023 532 3106 quam
556 3027 629 3087 rota
651 3023 804 3108 figularis.
841 3022 911 3088 Iam
935 3046 995 3110 ego
1019 3025 1151 3109 parabo.

191 3110 299 3212 Atque
324 3134 446 3214 quanto
469 3132 533 3193 11611
557 3130 647 3195 fuisti
670 3131 789 3213 loupior
812 3131 872 3196 hac
895 3131 1070 3215 proxuma:

102 3267 193 3356 (nam
222 3293 260 3334 ex
286 3272 374 3337 Asin.
398 3271 461 3356 lll,
485 3273 519 3355 2,
546 3275 582 3337 ll
614 3273 695 3337 nihil
725 3273 947 3357 consequitur,
979 3273 1035 3337 ubi
1060 3275 1172 3355 fortior
1201 3280 1250 3339 est

102 3379 136 3441 in
165 3399 297 3441 caesura
324 3379 454 3443 iambici
482 3381 682 3464 septenarii).
729 3379 852 3445 Verum
882 3380 1013 3465 egregio
1037 3381 1176 3446 Acidalii
1201 3383 1247 3446 in·
1263 3405 1382 3445 cnxxv1

105 3489 200 3550 vento
220 3482 322 3571 (quod
342 3487 463 3570 possim
478 3484 593 3552 Naevii
614 3510 751 3572 quoque,
774 3487 872 3551 Ennii
897 3491 993 3571 atque
1013 3487 1092 3552 adeo
1108 3487 1249 3573 Vergilii

104 3614 166 3655 usu
190 3593 395 3675 confirmare,
418 3594 483 3658 nisi
506 3594 600 3659 unius
625 3617 676 3658 me
699 3594 809 3659 Plauti
833 3595 952 3659 finibus
977 3595 1125 3660 consulto
1150 3596 1250 3660 conti·

103 3695 213 3784 neam)
237 3722 311 3764 cum
335 3700 416 3765 alios
440 3705 510 3765 tum
534 3702 641 3786 ipsum
667 3725 738 3766 esse
762 3703 880 3767 abusos
901 3703 1059 3785 existimo,
1082 3726 1155 3768 cum
1175 3725 1249 3767 ean·

104 3805 177 3870 dem
195 3807 440 3890 productionem
461 3809 561 3873 etiam
580 3809 620 3873 ad
636 3810 807 3874 verborum
826 3809 948 3876 formas
968 3810 1130 3894 quaslibet
1147 3815 1251 3875 trans·

102 3913 259 3997 tulerunt,
288 3922 324 3978 ut
348 3917 453 3997 loquor
472 3916 573 3996 fateor
596 3938 699 3981 moror
721 3916 950 4003 orachiuor**).
981 3916 1132 3981 *Videtur
1154 3918 1186 3982 id
1211 3918 1250 3982 de

103 4043 142 4085 ar
161 4022 288 4104 syllaba
311 4023 548 4088 concedendum
568 4047 647 4110 esse,
671 4030 707 4089 ut
726 4047 808 4109 quae
827 4025 959 4110 longam
979 4025 1124 4090 vocalem
1144 4031 1251 4090 servet

103 4130 137 4192 in
161 4130 274 4193 ceteris
297 4131 444 4213 personis
474 4131 558 4214 lmar
582 4132 693 4213 leporis
716 4133 833 4215 leputur
855 4133 961 4214 leporis
984 4133 1107 4215 leuetur:
1138 4156 1250 4218 parem

194 4303 217 4373 *J
239 4306 283 4376 [ln
302 4306 345 4361 ed.
365 4308 412 4363 alt.
433 4307 604 4362 Ritschelius
622 4308 695 4362 tuuc
712 4323 769 4361 non
787 4307 972 4379 transposuit,
996 4309 1045 4364 sed
1064 4309 1169 4365 delevit
1187 4310 1250 4366 coll.

103 4411 129 4447 v.
150 4399 198 4448 sul
212 4413 252 4463 sq.
274 4402 324 4451 861
346 4396 406 4463 (ubi
425 4397 488 4452 vide
507 4397 673 4468 annotarat]

175 4483 216 4552 ⁸⁸)
238 4483 290 4553 [Cf.
311 4484 412 4553 Opusc.
432 4487 501 4555 phil.
521 4488 547 4540 ll
566 4504 593 4557 p.
614 4487 687 4557 641]

158 4591 198 4625 nu.
219 4592 369 4628 musonem
389 4594 526 4629 orvscvnu
547 4597 571 4630 v.
1002 4584 1035 4632 27
