2992 5004
255 322 321 387 306
543 340 804 389 ruormoonnnn
829 341 875 387 oa
900 340 1113 390 narrouurvs

253 484 312 566 fiat
336 483 400 547 594
421 482 622 568 aliorumque
646 507 779 550 numero
803 485 1026 569 plurimorum,
1050 486 1166 570 quibua
1190 482 1402 569 congerendis

254 590 331 656 nolo
359 591 476 675 longus
500 612 578 656 esse.
624 590 781 656 Graviora
803 596 913 657 tamen
937 592 1069 678 reliquis
1094 593 1175 657 haec
1197 595 1287 674 sunt,
1314 591 1400 675 quod

255 699 288 763 in
319 720 383 762 uno
411 695 446 761 D
474 698 585 782 elapsa
614 709 642 763 v.'
671 699 745 764 276.
772 700 838 764 463
865 700 959 781 soros
979 704 1011 765 et
1037 721 1098 783 opo,
1127 721 1207 783 quae
1234 699 1335 764 etiam
1363 699 1403 762 si·

179 818 242 857 XLV
256 805 413 869 millimae
436 805 599 889 ceteroqui
618 805 814 870 condicionis
838 807 920 871 liber
943 807 971 871 Ο
991 811 1112 889 servat,
1135 806 1212 871 item
1236 805 1278 881 ab
1301 806 1406 870 EFZ

254 914 385 1005 absunt:
410 913 459 977 vel
478 912 563 998 quod
586 913 658 993 (aas
672 919 829 996 egestatem
854 914 888 978 in
912 915 991 979 solis
1015 913 1159 978 ΒΕΓΖ
1177 913 1403 997 transponitur

253 1043 281 1086 v.
300 1021 376 1105 338,
399 1019 634 1104 eorundemque
658 1022 838 1086 communis
862 1025 912 1086 est
934 1045 963 1087 v.
981 1022 1045 1086 411
1065 1021 1194 1101 maniis
1209 1021 1403 1105 corruptela.

254 1128 347 1213 Quid,
370 1127 455 1212 quod
481 1128 527 1192 eis
552 1128 641 1212 lociS,
664 1128 719 1212 qui
742 1129 974 1194 correctionem
997 1128 1157 1194 secundae
1182 1150 1297 1192 manus
1316 1127 1349 1191 in
1368 1126 1403 1191 D

253 1235 342 1320 passi
367 1238 451 1316 sunt,
473 1256 538 1298 non
563 1255 636 1298 raro
665 1235 699 1297 in
722 1239 849 1319 partem
871 1235 1071 1301 noviciorum
1096 1234 1254 1300 librorum
1278 1234 1401 1318 primae

185 1361 192 1373 ·
253 1364 367 1407 manus
392 1342 552 1424 scriptura
576 1341 716 1425 transiit,
740 1342 898 1407 secundae
922 1343 955 1407 in
974 1343 1109 1407 alteram
1128 1341 1279 1427 partem?
1304 1340 1403 1406 Velut

253 1472 326 1513 cum
356 1472 386 1513 v.
415 1448 490 1512 410.
522 1448 582 1512 851
617 1449 736 1529 obicias
758 1453 791 1513 et
821 1451 917 1533 tetr'm‘t
946 1449 981 1515 F
1007 1449 1139 1514 exhibet
1169 1471 1241 1513 curn
1270 1446 1340 1527 Do,
1369 1453 1401 1512 tu

252 1556 372 1636 obicias
391 1559 424 1620 et
452 1557 524 1638 tcpc't
551 1578 568 1620 e
597 1555 649 1621 Db
676 1557 793 1642 reliqui
823 1561 1047 1642 susceperunt,
1077 1558 1128 1622 vel
1157 1580 1185 1622 v.
1210 1557 1274 1622 347
1304 1555 1401 1620 eDo

251 1663 401 1743 baianas
416 1664 450 1727 in
472 1663 552 1746 ΡΖ,
578 1663 749 1745 mamers
769 1666 803 1729 in
826 1666 861 1730 E
885 1664 1029 1730 manavit
1051 1688 1068 1729 e
1091 1664 1158 1750 Db,
1180 1665 1257 1729 item
1281 1687 1311 1729 v.
1336 1663 1399 1729 837

251 1791 340 1836 mere
367 1793 384 1835 e
408 1769 460 1834 Db
487 1770 522 1834 in
549 1770 581 1833 Z
605 1775 638 1834 et
660 1772 695 1837 Ε
715 1793 787 1857 ary,
815 1780 957 1856 paupere
980 1795 997 1838 e
1019 1772 1075 1837 Do
1102 1773 1134 1836 in
1159 1773 1235 1837 EF.
1282 1770 1402 1847 Quam·

251 1901 348 1962 quam
379 1878 569 1963 plerumque
597 1900 674 1943 sane
704 1879 738 1942 in
766 1880 870 1944 ΕΓΖ
896 1880 1027 1945 transiit
1053 1879 1138 1965 quod
1167 1878 1201 1943 in
1224 1877 1277 1942 Db
1304 1882 1400 1963 esset,

251 2008 316 2051 non
348 1986 434 2070 quod
471 1985 506 2049 in
533 1984 601 2070 Do,
635 1989 671 2051 ut
699 2010 727 2051 v.
756 1987 830 2052 286.
859 1988 932 2052 288.
961 1988 1037 2052 321.
1065 1988 1138 2051 665.
1170 1987 1269 2052 1083:
1302 2007 1401 2071 quam

251 2093 411 2159 rationem
435 2092 584 2157 obtinere
612 2098 788 2171 memento,
817 2070 1010 2179 ubicumque
1037 2095 1128 2159 nulls
1156 2091 1209 2158 Db
1235 2091 1401 2157 mentione

250 2198 338 2263 facta
361 2221 377 2263 e
402 2200 472 2264 solo
496 2199 551 2263 Do
578 2199 766 2284 discrepans
790 2201 949 2285 scriptura
971 2201 1005 2264 in
1025 2201 1237 2266 annotatione
1257 2201 1401 2283 affertur,

251 2309 288 2369 ut
310 2329 338 2370 v.
362 2307 435 2371 266.
460 2307 534 2371 278.
580 2306 664 2371 Hinc
689 2310 797 2372 autem
821 2307 1023 2391 intellegitur
1046 2308 1111 2373 iam
1135 2307 1288 2373 habuisse
1311 2306 1401 2371 Vrsi-

250 2413 385 2477 nianum
408 2413 567 2478 secundae
591 2436 705 2479 manus
729 2418 929 2479 correcturas
953 2415 1041 2499 illas,
1070 2437 1133 2500 quo
1157 2420 1302 2500 tempore
1325 2414 1400 2479 fons

251 2520 378 2584 exstitit
401 2521 602 2586 noviciorum
626 2522 780 2587 codicum.

338 2627 467 2693 Nicolai
495 2633 604 2693 autem
632 2628 756 2694 Treviri
787 2628 887 2694 codex
920 2629 1016 2693 simul
1047 2634 1145 2714 atque
1175 2630 1312 2694 Romam
1344 2627 1400 2693 ad·

250 2738 361 2799 vectus
381 2739 439 2818 est,
457 2735 533 2800 ilico
552 2735 591 2800 de
610 2737 764 2820 parandis
784 2734 983 2821 apographis
1002 2737 1140 2820 cogitari
1159 2737 1308 2820 coeptum
1328 2757 1399 2799 esse

249 2847 283 2906 et
302 2864 354 2907 res
377 2843 449 2926 ipsa
471 2842 552 2907 iacit
575 2847 611 2907 ut
634 2842 801 2908 credamus
826 2847 859 2907 et
881 2843 1069 2927 plenissime
1089 2841 1214 2908 Pooon
1238 2843 1399 2926 epistulae

248 2955 422 3017 testantur.
460 2951 551 3028 Quod
572 2951 700 3037 quidem
724 2952 896 3017 consilium
919 2951 1080 3035 duplicem
1104 2955 1254 3016 eventum
1273 2950 1399 3015 habuit.

249 3057 316 3124 Aut
344 3060 429 3124 eninr
458 3059 671 3142 archetypum
700 3059 882 3142 exemplum
912 3059 1000 3124 omni
1023 3058 1179 3143 religione
1204 3058 1400 3142 simpliciter

248 3165 540 3250 transcribebatur,
569 3171 626 3230 aut
648 3165 801 3230 correctis
825 3187 884 3248 pro
916 3165 1002 3228 virili
1030 3168 1122 3249 parte
1150 3165 1397 3230 innumerabili·

248 3271 309 3335 bus
340 3272 518 3355 scripturae
548 3271 637 3336 vitiis
668 3276 701 3336 et
731 3272 926 3356 corruptelis
956 3293 1076 3337 novum
1105 3292 1208 3357 genus
1238 3271 1396 3336 librorum

247 3379 382 3463 peperit.
427 3378 472 3443 Et
504 3378 599 3443 huius
634 3379 764 3463 quidem
795 3379 923 3463 generis
955 3401 1013 3464 per
1044 3380 1211 3445 litteratae
1242 3379 1395 3463 Europae

247 3489 350 3550 terras
383 3485 508 3551 codices
541 3484 637 3551 hodie
671 3489 799 3550 exstant
830 3486 977 3569 plurimi,
1009 3487 1179 3569 pauciores
1213 3488 1331 3571 prioris
1364 3491 1397 3552 ct

248 3593 332 3679 quod
362 3594 463 3658 sciam
487 3593 610 3658 Romae
638 3596 768 3657 tantum
792 3597 824 3657 et
848 3591 1039 3659 Florentiae.
1086 3594 1255 3660 Pertinent
1276 3593 1340 3658 hue
1364 3597 1397 3657 et

247 3699 278 3764 G
301 3703 336 3765 et
359 3701 493 3785 propius
517 3701 616 3764 etiam
641 3699 681 3764 ad
700 3698 734 3764 D
757 3699 912 3764 accedens
933 3699 968 3783 0,
991 3702 1046 3784 qui
1070 3704 1121 3765 est
1143 3701 1339 3765 nitidissime
1362 3701 1397 3763 in

154 3843 232 3883 xm
247 3807 471 3892 pulcherrimis
495 3807 693 3872 membranis
718 3807 857 3892 scriptus
881 3806 1185 3890 Laurentianus,
1207 3807 1292 3871 inter
1311 3805 1396 3872 Gad-

246 3917 361 3981 dianos
384 3916 428 4000 pl.
453 3913 627 3980 LXXXXI.
654 3915 694 3978 12
701 3966 710 3999 ,
738 3915 843 3998 ipsam
872 3917 1038 3979 externam
1067 3915 1206 3999 speciem
1229 3913 1395 3978 Vrsiniani

247 4045 374 4087 summa
397 4022 458 4086 fide
482 4022 534 4086 vel
565 4022 791 4086 minutissimis
822 4023 855 4087 in
879 4023 974 4087 rebus
998 4021 1155 4106 referens,
1181 4026 1219 4088 ut
1246 4022 1395 4105 exemplo

246 4129 340 4194 docui
368 4128 472 4196 Musei
501 4129 614 4215 philol.
637 4128 685 4194 IV
713 4153 744 4214 p.
768 4129 833 4194 356
863 4132 919 4210 [=
944 4129 1060 4214 Opusc
1087 4130 1166 4215 phil.
1190 4129 1222 4195 ΙΙ
1250 4153 1281 4214 p.
1305 4124 1396 4210 295}

245 4234 387 4301 Rursum
416 4236 511 4302 huius
540 4237 643 4321 ipsius
674 4236 896 4322 apographum
925 4239 978 4303 vix
1007 4239 1170 4325 ambiguis
1192 4238 1323 4303 indiciis
1347 4238 1395 4302 in-

245 4343 357 4407 tellexi
383 4344 418 4408 E
443 4367 526 4428 esse,
558 4345 664 4429 qualis
696 4344 826 4428 quidem
854 4367 874 4409 a
902 4347 1010 4429 prima
1037 4367 1136 4410 manu
1163 4346 1286 4429 prodiit
1312 4345 1345 4410 h.
1368 4368 1396 4412 e.

245 4450 307 4514 Eo.
352 4450 433 4516 Eius
462 4453 563 4537 igitur
591 4453 785 4536 scripturam
814 4474 872 4537 per
899 4457 1002 4518 totam
1026 4453 1250 4518 Trinummum
1280 4453 1395 4519 sedulo
