2986 5010
251 331 317 397 466
541 343 801 396 Paotuaonaua
824 346 872 394 nn
895 346 1106 396 uarromavs

251 494 370 558 cretico
394 493 549 559 dicerent:

463 601 997 670 Δυ-[[υιυ-υ[,1υ-υιυ-ἓ

252 731 334 793 quae
363 709 530 794 discriptio
559 731 640 793 quos
669 713 818 774 auctores
847 710 967 774 habeat
995 709 1121 775 ostendi
1152 707 1257 772 Musei
1286 705 1405 790 philol.

251 815 313 880 tl
341 839 371 900 p.
395 816 461 881 285
480 839 527 901 sq.
552 819 608 896 [=
630 815 746 900 Opusc.
774 815 892 900 phil.1
920 841 951 901 p.
975 816 1040 881 280
1055 818 1125 900 sq.].
1171 813 1295 890 Quodsi
1331 835 1404 878 eam

251 926 377 1007 partem
404 924 600 1007 tetrametri,
633 945 715 1008 quae
743 927 794 987 est
821 928 897 1007 post
920 923 1089 1005 creticum,
1119 921 1297 986 contuleris
1329 943 1404 986 cum

251 1030 377 1115 legibus
396 1031 527 1096 iambici
547 1031 676 1114 senarii,
699 1031 814 1095 miram
835 1031 1001 1114 utriusque
1020 1029 1147 1114 generis
1170 1051 1242 1093 cum
1267 1030 1303 1092 in
1328 1029 1403 1092 aliis

251 1140 348 1202 rebus
374 1143 444 1203 tum
469 1139 504 1203 in
529 1144 719 1204 accentuum
746 1140 872 1204 ratione
900 1138 1156 1203 convenientiam
1183 1137 1259 1200 ilico
1287 1136 1403 1220 depre

251 1245 380 1311 hendes.
426 1246 471 1311 Et
494 1251 531 1310 ut
553 1269 664 1312 rursus
689 1248 730 1312 ab
754 1269 793 1311 ea
816 1249 918 1331 parte,
940 1268 1022 1330 quae
1045 1250 1120 1329 post
1144 1266 1315 1309 caesuram
1342 1248 1402 1327 est,

251 1352 420 1438 incipiam:
458 1355 579 1419 eisdem
611 1377 744 1438 prorsus
777 1353 1020 1419 condicionibus
1053 1356 1204 1418 accentus
1236 1351 1400 1435 neglectio

252 1461 376 1545 regitur
397 1461 433 1525 in
456 1460 625 1526 formando
644 1461 903 1546 septenariorum
927 1461 1023 1525 exitu.
1055 1458 1092 1524 In
1116 1480 1180 1542 quo
1203 1459 1274 1541 pari
1300 1463 1400 1542 atque

250 1569 285 1632 in
314 1568 448 1633 senariis
473 1568 598 1632 ratione
622 1568 767 1632 omnium
791 1568 930 1652 primum
955 1567 1087 1652 probati
1111 1569 1187 1630 sunt
1208 1564 1244 1628 hi
1268 1565 1399 1629 ordines

251 1676 435 1740 verborum:
458 1677 666 1758 frapiborroe,
685 1677 793 1740 auimo
815 1676 905 1750 labet,
928 1676 982 1739 sc'd
1002 1674 1138 1738 amoram
1161 1672 1218 1736 tibi
1241 1669 1313 1754 (Tr.
1324 1671 1399 1736 666.

251 1782 325 1847 875.
351 1780 464 1867 1010),
493 1783 616 1865 coyaata'
639 1784 748 1861 uelint,
768 1783 926 1864 prdbc’ords
953 1782 1064 1860 clueat,
1092 1780 1221 1862 imperio
1247 1783 1308 1856 tao,
1336 1780 1400 1860 θρέ-

249 1891 359 1953 state'm
380 1890 459 1968 uoto,
482 1891 656 1955 comittassa's
678 1890 764 1972 mihi,
787 1890 1027 1971 calecamentum
1048 1908 1139 1965 meae,
1161 1886 1399 1950 cdoaabinnta'm

251 1997 314 2060 tibi.
357 1996 419 2073 Qui
443 2002 551 2062 autem
575 1997 626 2061 vel
650 1997 684 2061 in
707 1997 841 2061 senariis
865 2017 1016 2079 perrarus
1034 1994 1098 2058 fuit
1120 1993 1206 2058 binis
1229 1994 1400 2059 vocabulis

250 2103 430 2168 iambicis
458 2105 591 2169 effectus
619 2105 725 2169 exitus
754 2107 790 2168 ut
817 2102 935 2167 maldra
962 2122 1092 2180 amena,
1121 2102 1194 2184 aper
1218 2102 1297 2184 fait,
1325 2123 1400 2166 aum

251 2211 355 2275 multo
388 2211 487 2275 etiam
525 2211 630 2294 magis
668 2210 843 2295 septenarii
879 2208 1104 2293 repudiarunt:
1145 2229 1204 2273 nec
1242 2208 1312 2272 eius
1349 2209 1400 2273 vel

252 2339 351 2380 unum
384 2319 565 2400 exemplum
599 2318 633 2383 in
661 2318 851 2382 Trinummo
879 2316 1158 2398 Bacchidibusque
1190 2314 1399 2380 offendimus:

108 2437 118 2447 ·
251 2444 327 2485 nam
350 2422 435 2504 c'pero
458 2429 524 2487 tam
546 2424 624 2488 catate
646 2445 739 2506 opem
757 2446 774 2487 e
794 2422 911 2487 Bacch.
926 2423 988 2487 671
1008 2422 1100 2502 [708]
1124 2442 1219 2485 nemo
1244 2426 1400 2506 opponet

91 2546 232 2587 ccxxxm
252 2528 307 2592 ubi
338 2529 474 2614 spondei
503 2552 688 2594 mensuram
718 2532 797 2595 istac
827 2535 948 2595 servat:
980 2529 1019 2592 de
1049 2552 1079 2594 v.
1101 2528 1165 2592 447
1198 2528 1292 2609 [479]
1322 2551 1399 2595 mox

250 2635 387 2700 dicetur:
414 2635 595 2701 Trinummi
624 2641 733 2701 autem
765 2660 792 2701 v.
817 2636 883 2701 329
911 2637 999 2700 omne
1024 2640 1127 2699 uatem
1153 2636 1285 2700 hierimot
1311 2632 1400 2702 turim

252 2742 349 2807 aliam
373 2743 416 2808 ob
440 2766 589 2809 caussam
612 2745 678 2809 iam
702 2766 799 2828 snpra
822 2744 1000 2809 reiecImus.
1046 2741 1153 2826 Magis
1184 2743 1303 2808 mirere
1332 2768 1400 2812 non

249 2850 316 2914 fere
352 2851 460 2916 minus
497 2852 643 2918 insolens
676 2852 709 2915 in
743 2852 932 2937 septenariis
965 2851 1027 2916 hoc
1062 2872 1164 2935 genus
1201 2873 1273 2916 esse
1312 2854 1400 2936 quod

250 2959 503 3040 spondiacum
535 2960 621 3024 inter
653 2960 716 3024 duo
750 2960 891 3024 iambica
922 2958 1082 3023 vocabula
1114 2957 1254 3021 medium
1288 2958 1400 3042 habet,

249 3086 314 3128 non
348 3066 534 3151 infrequens
566 3066 649 3130 illud
681 3067 714 3131 in
748 3067 896 3131 senariis:
930 3066 1020 3129 cuius
1052 3065 1181 3149 quidem
1209 3064 1256 3128 rei
1281 3088 1400 3131 caussa

250 3193 317 3234 non
338 3171 419 3237 haec
441 3173 505 3236 fuit
529 3175 615 3257 quod
638 3196 703 3238 non
727 3175 807 3238 satis
826 3173 983 3238 concinna
1001 3171 1059 3236 illa
1078 3171 1199 3255 species
1223 3171 1400 3257 videretur,

252 3277 307 3340 sed
338 3280 423 3363 qnod
454 3281 551 3345 nimis
582 3282 664 3345 lenis
688 3287 722 3344 et
744 3281 869 3346 sedata:
903 3280 1058 3344 maiorem
1082 3279 1169 3342 enim
1192 3277 1341 3362 vigorem
1365 3284 1400 3344 et

251 3383 454 3451 alacritatem
491 3387 653 3471 quandam
690 3386 845 3452 trochaici
882 3387 1064 3452 tetrametri
1101 3409 1178 3470 prae
1211 3407 1245 3449 se
1277 3388 1399 3453 ferunt.

250 3489 333 3555 Hinc
366 3491 468 3577 igitur
500 3498 551 3557 est
582 3516 639 3557 cur
670 3515 770 3558 unum
802 3497 929 3558 tantum
961 3493 1118 3557 eiusmodi
1148 3494 1331 3577 exemptum
1364 3495 1398 3558 in

249 3598 337 3662 Trin.
357 3602 462 3662 exstet
482 3622 508 3664 v.
520 3601 594 3682 868,
617 3600 682 3664 tria
704 3601 737 3664 in
757 3599 872 3664 Bacch.
892 3622 920 3663 v.
939 3598 1014 3665 458.
1034 3600 1107 3664 694.
1128 3600 1189 3664 721
1216 3599 1306 3681 [490.
1323 3601 1399 3665 731.

252 3704 343 3786 758];
366 3706 455 3770 habet
471 3706 585 3770 rectam
602 3711 699 3790 aiom,
722 3707 816 3771 malis
833 3707 942 3771 malim
964 3707 1072 3784 modis,
1090 3707 1180 3788 patri
1199 3705 1303 3770 arabis
1326 3708 1399 3789 aare,

249 3815 309 3875 crit
329 3813 453 3896 saharim
475 3814 592 3877 datam.
638 3812 825 3897 Eademque
850 3834 965 3877 caussa
989 3817 1040 3877 est
1062 3835 1118 3877 cur
1142 3813 1311 3897 aliquanto
1336 3812 1398 3878 fre·

251 3921 421 4004 quentiora
449 3922 514 3985 sint
544 3943 627 4005 quae
655 3942 714 4005 pro
743 3920 917 4005 spondiaco
951 3920 1241 4003 anapaesticum
1274 3920 1400 3986 habent

250 4028 399 4094 iambicis
427 4029 671 4112 interpositum,
698 4032 736 4092 ut
763 4026 850 4092 Trin.
879 4028 952 4092 351.
979 4028 1072 4091 1179.
1105 4027 1221 4093 Bacch.
1245 4029 1298 4093 53.
1321 4031 1399 4094 412.

251 4137 326 4200 428.
350 4134 425 4200 434.
448 4135 513 4199 453
539 4137 603 4215 [84.
627 4136 701 4199 444.
725 4135 800 4199 460.
819 4136 893 4202 466.
912 4135 1007 4216 485]:
1031 4134 1121 4198 irobe's
1138 4134 1250 4199 habear
1268 4136 1400 4214 mlum,

249 4245 322 4307 ite'm
339 4243 448 4307 arideds
467 4244 541 4320 licet,
565 4243 663 4307 tectim
682 4243 815 4324 lepidam
833 4242 920 4325 debe,
941 4243 1032 4306 ceneta
1055 4243 1189 4306 minucii
1204 4244 1298 4324 preti,
1315 4246 1402 4325 pafe‘r

245 4352 346 4432 paero'
364 4352 436 4432 fait,
459 4351 523 4414 dies
543 4349 642 4431 furiat
663 4352 777 4433 minas,
799 4350 920 4431 quidda
941 4351 1033 4430 pariit
1050 4349 1169 4430 paedor:
1193 4348 1233 4412 ad
1257 4371 1400 4431 quorum

252 4458 494 4522 similitudinem
525 4479 624 4540 prope
652 4456 775 4521 aceedit
803 4455 918 4520 Bacch.
943 4457 1006 4525 447
1034 4457 1125 4535 [479]
1155 4459 1209 4538 api
1233 4459 1299 4523 nisi
1326 4462 1401 4525 item
