2992 5004
457 360 721 410 uuannamours
745 361 955 412 1111111111.
1214 348 1280 415 295

222 503 247 570 0
287 503 434 571 ‘Codex
471 503 593 570 alter’
631 502 827 590 camerarii,
864 504 1138 573 ‘Decurtatus’
1175 509 1280 595 Parei,

131 617 261 697 praeter
289 612 349 678 hos
377 616 536 678 tractatus
565 635 585 678 a
612 612 766 698 Grutero,
799 613 1033 698 Rittershusio,
1066 612 1218 702 Scioppio
1247 622 1280 683 et

131 742 234 806 nuper
256 744 276 785 a
290 719 425 785 Bothio:
450 720 528 786 olim
553 720 778 804 bybliothecae
802 720 834 787 S.
848 719 1038 788 Gorbiniani
1057 721 1084 787 F
1085 723 1278 811 risingensis

132 828 179 913 (id
210 827 295 912 qnod
324 827 405 893 haec
435 828 470 892 in
500 828 661 914 principio
691 828 863 913 inscriptio
886 832 1041 895 testatur:
1079 829 1151 896 ‘lib
1173 832 1237 897 iste
1262 832 1373 898 erm

132 936 182 1002 sce
206 936 315 1000 marie.
344 937 367 1001 1
395 935 538 1000 scicorbi
566 934 713 1024 frissgf),
745 936 829 1002 uude
853 959 910 1021 per
934 959 1014 1022 quas
1037 929 1290 1005 vicissitudines*

131 1044 172 1109 ad
196 1042 417 1108 camerarium
440 1043 624 1128 pervenerit
646 1043 844 1128 nescitur*):
867 1067 932 1110 una
954 1067 1027 1111 cum
1041 1044 1161 1111 Vetere
1183 1049 1217 1111 et
1239 1047 1278 1112 de

129 1152 225 1218 huius
247 1149 421 1216 heredibus
445 1155 573 1237 emptus
598 1156 631 1216 et
653 1151 688 1224 in
710 1150 931 1217 Palatinam
954 1153 1066 1218 illatus
1089 1154 1198 1238 ibique
1221 1177 1277 1218 nu·

132 1282 221 1325 mero
248 1258 333 1324 1613
361 1260 494 1324 notatus
518 1262 552 1323 et
574 1258 702 1343 direpta
726 1258 877 1324 Palatina
899 1260 933 1324 in
957 1259 1151 1327 Vaticanum
1174 1264 1278 1326 trans-

130 1368 227 1449 latus,
250 1364 307 1430 sed
329 1365 405 1430 hinc
429 1365 498 1430 sine
512 1363 632 1430 Vetere
651 1365 794 1430 Parisios
817 1366 971 1452 abreptus
995 1391 1079 1434 anno
1103 1369 1278 1454 superioris

131 1473 252 1539 saeculi
283 1491 476 1556 nxxxxvn,
508 1472 606 1538 huius
641 1477 750 1538 autem
783 1496 811 1539 a.
834 1491 883 1539 xv
920 1474 1150 1559 bybliothecae
1186 1473 1278 1541 Hei·

130 1579 422 1666 delbergensi
464 1579 643 1645 restitutus.
716 1577 863 1665 Scriptus
901 1584 952 1646 est
988 1583 1119 1648 saeculo
1142 1581 1206 1648 XII
1242 1584 1277 1648 in

132 1705 314 1755 ccxxxvnr
354 1686 552 1752 membranis
591 1687 716 1753 formae
755 1687 931 1772 quadratae
943 1739 952 1772 ‚
995 1694 1103 1754 cetera
1139 1690 1277 1775 disparis

132 1795 344 1879 condicionis,
376 1816 511 1879 quarum
539 1795 645 1880 prima
671 1794 755 1859 nihil
783 1795 848 1859 nisi
875 1795 1060 1861 fabularum
1082 1795 1147 1861 XlI
1169 1802 1277 1881 postc-

131 1904 263 1987 riorum,
286 1923 367 1986 quae
391 1901 482 1968 solae
500 1902 623 1986 insunt,
645 1901 785 1966 indicem
803 1902 838 1967 in
857 1903 978 1988 pagina
996 1904 1102 1987 prima
1121 1905 1277 1989 scriptum

128 2014 227 2076 tenet.
258 2007 406 2074 Videnda
430 2009 469 2073 de
494 2031 532 2075 00
556 2031 638 2094 quae
658 2008 797 2074 diximus
816 2008 855 2073 de
873 2009 950 2075 crisi
964 2010 1069 2075 Plaut.
1088 2033 1119 2095 p.
1133 2011 1277 2098 514sqq.

133 2117 199 2183 535
213 2140 283 2202 sqq.
312 2118 369 2197 [=
394 2114 510 2200 Opuec
538 2116 617 2201 phil.
641 2116 673 2181 II
702 2139 732 2200 p.
758 2116 820 2181 103
835 2137 904 2202 sqq.
936 2118 1107 2204 125sqq.].
1152 2118 1277 2184 Ibidem

130 2249 160 2310 p.
187 2225 249 2290 163
265 2246 312 2309 sq.
337 2225 392 2304 [=
416 2245 447 2307 p.
473 2221 513 2287 12
529 2225 613 2308 sqq]
638 2222 734 2288 certis
763 2223 963 2308 argumentis
988 2224 1163 2311 docuimus,
1186 2226 1276 2310 prius

130 2354 227 2417 quam
250 2333 460 2398 decantaretur
483 2351 594 2395 omnes
618 2331 745 2396 fabulas
759 2330 821 2396 XX
840 2332 1043 2416 complexum
1067 2354 1146 2398 esse.
1176 2333 1277 2400 Manu

128 2461 188 2506 nec
216 2437 358 2523 eleganti
388 2436 527 2522 scriptus
554 2428 606 2502 est
633 2459 692 2503 nec
715 2437 841 2503 eadam:
876 2441 1047 2505 verborum
1070 2440 1277 2507 distinctione

131 2547 234 2612 multo
263 2546 362 2612 etiam
390 2566 488 2629 qnam
517 2545 551 2608 in
575 2543 692 2609 Vetere
720 2545 933 2629 perversiore:
965 2569 1117 2613 versuum
1145 2548 1277 2614 distine

127 2655 230 2739 tione,
252 2653 317 2718 nisi
340 2652 451 2737 paucis
474 2653 507 2716 in
536 2651 662 2718 scaenis
685 2652 849 2739 iambicis,
880 2654 978 2738 plane
1005 2654 1109 2720 nulla:
1141 2677 1276 2722 numero

130 2783 280 2827 versuum
313 2761 347 2825 in
380 2759 517 2844 singulis
545 2759 674 2844 paginis
708 2759 899 2845 plerumque
931 2779 1029 2826 xxvi:
1061 2783 1276 2846 personarum

132 2869 319 2936 nominibus
343 2890 416 2933 cum
439 2889 629 2932 scaenarum
652 2867 757 2932 initiis
781 2871 851 2932 tum
875 2867 989 2934 mediis
1013 2869 1047 2932 in
1071 2868 1276 2934 sermonibus

133 2999 191 3062 per
213 2975 335 3060 primas
359 2972 472 3038 XVIII
495 2973 624 3038 fabulas
649 2973 797 3058 modicis,
829 2995 887 3058 per
910 2973 1133 3039 Trinummum
1157 2974 1276 3041 Trucu-

128 3085 316 3166 lentumque
334 3081 454 3166 paucis,
479 3080 534 3146 sed
553 3085 590 3146 ut
608 3102 710 3146 vacua
728 3082 919 3166 plerumque
939 3082 1047 3167 spatia
1065 3082 1182 3148 relicta
1200 3082 1275 3147 sint.

127 3190 176 3256 Of.
200 3189 239 3254 ad
264 3188 353 3252 Trin.
376 3211 405 3252 v.
427 3187 481 3254 45.
505 3188 570 3253 276
594 3191 760 3253 annotata
806 3186 953 3273 Denique
984 3190 1127 3255 ordinem
1150 3189 1275 3256 fabula·

126 3320 199 3362 rum
229 3295 328 3360 semel
357 3317 474 3359 moneo
504 3317 576 3360 cum
603 3295 637 3359 in
659 3295 722 3360 hoc
745 3299 815 3360 tum
838 3296 872 3360 in
897 3296 944 3372 eia
967 3318 1048 3381 quos
1071 3298 1158 3362 infra
1180 3298 1275 3383 posui

127 3404 292 3470 codicibus
315 3402 452 3467 eundem
476 3424 571 3487 quem
593 3402 626 3466 in
649 3401 683 3466 B
707 3424 785 3467 ease.
802 3439 843 3448 -
867 3401 950 3468 Mihi
974 3407 1082 3468 autem
1106 3426 1178 3469 curn
1192 3404 1274 3470 Vra·

126 3512 276 3578 tislaviae
300 3509 431 3594 degenti
454 3508 624 3575 Decurtati
647 3510 775 3594 copiam
789 3508 970 3575 Christiani
983 3510 1115 3575 Baehrii
1139 3512 1273 3577 comitas

125 3617 267 3699 fecisset,
291 3616 352 3681 hac
375 3618 620 3701 opportunitate
644 3638 721 3681 usus
745 3615 905 3682 Emeatus
929 3616 1142 3683 Schneiderus
1165 3618 1274 3684 claris·

128 3725 229 3790 aimus
253 3725 379 3809 collega
403 3727 552 3789 accurato
576 3725 723 3809 exemplo
738 3721 864 3790 ‘Plauti
878 3723 1109 3791 Truculentum
1129 3747 1146 3791 e
1165 3725 1273 3791 codiee

127 3830 398 3917 Heidelbergensi
421 3830 628 3917 expressam’
653 3830 752 3896 edidit
779 3854 807 3896 a
831 3848 1111 3899 crcrocccxxxw.
1156 3832 1184 3897 a
1209 3854 1273 3918 quo

127 3938 208 4003 illud
232 3961 358 4024 quoque
382 3960 576 4025 cognoscere
599 3939 689 4022 licet,
715 3939 751 4003 in
774 3937 835 4004 hae
858 3939 986 4025 fabula,
1010 3941 1099 4005 etin
1122 3938 1184 4006 hac
1206 3941 1273 4024 qni-

126 4046 199 4125 dam
228 4047 313 4131 sola,
345 4047 413 4112 sive
440 4045 547 4130 ipsum
576 4045 747 4110 librarium
775 4046 843 4110 sive
871 4046 1011 4131 aliquem
1036 4047 1192 4113 lectorem
1214 4048 1272 4114 ali·
1286 4076 1380 4118 xxxn

127 4153 255 4237 quando
283 4155 428 4239 coepisse
455 4175 549 4218 veros
572 4173 724 4218 versuum
748 4153 976 4219 Plautinorum
999 4155 1105 4221 exitus
1130 4160 1163 4220 01
1184 4156 1272 4240 prin-

126 4260 213 4345 cipia
239 4261 435 4346 interposita
457 4257 602 4344 lineola]
621 4263 750 4325 notare:
774 4260 808 4324 in
831 4282 895 4345 quo
918 4264 1027 4328 tamen
1051 4263 1184 4330 consilio
1207 4286 1273 4330 non

216 4488 242 4560 ¹)
262 4489 315 4561 [cf.
336 4489 436 4561 Opmc.
455 4489 526 4561 phil.
544 4491 570 4545 Il
589 4508 616 4562 p.
638 4495 695 4545 104.
715 4490 755 4546 III
773 4508 800 4562 p.
819 4496 853 4547 tt
865 4509 905 4562 sq.
926 4490 1004 4563 adn]
