3006 5016
308 379 382 426 nnn
407 377 467 424 orn
492 377 677 424 neroniana
701 376 1023 425 silurussrnnrnn.
1196 360 1237 424 79

273 517 427 586 Gracchos,
446 519 469 572 si
488 517 604 587 Marios,
624 518 741 574 subinde
760 519 872 586 Drusos,

274 610 330 662 Aut
348 626 419 677 quos
437 607 572 664 historiae
590 608 684 663 ferunt
702 608 821 662 Latinae

272 696 400 753 Romana
418 713 548 767 proceres
567 695 650 751 domo
669 698 788 764 creatos,

274 785 412 840 Posthaeo
429 784 472 840 vis
492 785 604 840 Geticas
624 785 697 840 ciere
715 787 822 857 gentes,

274 875 325 929 Vel
346 874 451 929 Xersen
470 874 568 944 rapido
587 875 659 930 freto
677 874 843 943 timendum,

274 964 327 1018 Vel
346 962 469 1018 Poenum
489 963 592 1033 Libyco
612 963 711 1019 ducem
730 965 824 1019 furore

275 1053 416 1107 Rellorum
436 1053 587 1122 celebrem,
606 1053 717 1123 Iubam,
737 1053 879 1123 Dareium,

275 1141 328 1196 Vel
346 1140 483 1212 Pyrrhum
501 1142 654 1198 Ausoniam
673 1142 741 1213 fuga
759 1142 915 1212 timentem,

276 1231 390 1301 Cyrum,
411 1232 606 1299 Deiotharum,
625 1234 770 1303 potentem
788 1232 817 1286 in
836 1233 922 1288 ermis

276 1322 418 1376 Pellaeum
438 1319 530 1376 rutilis
548 1321 638 1391 magis
657 1318 834 1391 Philippum:

277 1412 359 1466 Hunc
376 1410 492 1466 iamiam
510 1411 607 1466 Valeri
625 1411 728 1465 librum
747 1410 847 1466 diurna

275 1501 476 1570 Nocturnaque
495 1517 580 1555 manu
597 1500 729 1571 legesque
751 1499 927 1573 [legasquet]
939 1517 1081 1571 amesque,

278 1589 358 1644 Hunc
376 1590 519 1645 doctorem
538 1589 643 1644 habeas
661 1605 752 1659 vagae
770 1588 911 1659 iuuentae,

277 1679 357 1735 Hunc
375 1679 478 1749 longne
498 1678 629 1734 comitem
648 1678 767 1748 viaeque
786 1695 888 1746 sumas,

278 1768 382 1823 Mensis
400 1767 449 1821 ille
468 1767 524 1821 tuis
543 1768 701 1835 recumbat,
719 1771 804 1837 atque

279 1857 449 1912 Coniunctus
469 1855 555 1925 capiti
574 1857 623 1910 tuo
642 1856 802 1925 frequenter

280 1945 378 2001 Cultus
396 1944 571 2000 molliculum
589 1946 668 2015 petat
686 1963 823 2016 soporem,

279 2035 310 2089 ld
329 2035 404 2104 quod
422 2051 470 2090 rex
489 2033 637 2088 Manedum
657 2034 734 2089 dedit
752 2035 877 2106 superbie

283 2124 393 2183 Obortis
412 2124 514 2179 Iliacae
534 2124 619 2179 sacris
637 2124 742 2180 ruinae.

610 2345 743 2352 *-

236 2509 277 2557 le.
314 2500 511 2571 Epigramm
530 2500 590 2554 auf
607 2499 750 2557 Cicero's
770 2499 902 2558 Schriit
920 2502 959 2557 de
978 2504 1122 2558 oratore.

95 2645 227 2715 (Aus‘hl.
237 2644 299 2698 Tul.
308 2642 449 2699 Ciceronis
464 2643 648 2698 Pulcherrimi
662 2644 920 2715 elegantissimiqne
935 2647 975 2700 Do
990 2648 1101 2701 oratore
1111 2644 1177 2700 libri
1192 2647 1249 2700 tres
1285 2632 1287 2637 ¹

96 2752 156 2791 non
183 2732 294 2787 minore
320 2731 412 2787 studio
440 2749 523 2799 quam
549 2733 609 2786 arte
634 2732 664 2786 in
689 2732 787 2787 edibus
806 2732 975 2789 Lotteriauis
1000 2734 1106 2789 excusi:
1145 2734 1247 2802 quibus

117 2825 197 2879 certe
216 2822 302 2876 mirus
324 2819 373 2874 ille
393 2820 507 2874 dicendi
526 2820 628 2875 artilex
651 2836 681 2874 se
705 2820 797 2890 ipsum
821 2824 853 2875 ut
876 2821 905 2875 iu
924 2821 987 2875 aliis
1007 2824 1139 2893 operibus
1158 2822 1229 2878 elios

126 2911 282 2981 scriptores
301 2908 399 2964 vicisse
419 2908 593 2978 perhibetnr’
614 2908 737 2980 Leipzig,
756 2910 857 2966 Melch.
877 2912 975 2966 Lotter
994 2918 1072 2982 1515,
1091 2912 1142 2966 aui
1158 2911 1221 2966 dem

598 2998 761 3069 Titelblatt)

490 3141 572 3196 Vitus
590 3141 741 3197 Vuerlerus
761 3143 868 3199 lectori.

285 3283 393 3338 Tullius
414 3285 507 3340 orator
525 3285 634 3355 patriae
652 3303 726 3341 nova
744 3285 836 3356 gloria
854 3288 944 3341 terrae

339 3372 451 3428 Eximio
468 3373 571 3429 multos
590 3373 716 3429 condidit
734 3377 794 3430 arte
812 3374 908 3446 libros,

291 3463 387 3518 Firmo
405 3462 505 3532 qnibus
523 3462 629 3518 nitidae
649 3461 741 3518 famae
759 3467 941 3519 monumenta
958 3463 1070 3534 paravit

340 3551 377 3605 Et
395 3552 482 3622 longa
499 3568 596 3606 verum
615 3551 781 3622 posteritate
800 3552 892 3607 decus.

291 3642 366 3695 Inter
383 3657 454 3710 quae
473 3639 556 3711 vigili
574 3658 704 3711 praeseus
723 3644 754 3697 tu
772 3645 885 3712 pectore
904 3642 988 3712 disee,

341 3728 505 3784 Consultum
525 3729 617 3785 studio
636 3730 660 3785 si
678 3730 756 3801 cupis
775 3747 835 3785 esse
853 3734 912 3787 tuo.

288 3815 351 3872 Non
369 3817 460 3873 simile
479 3818 547 3874 huic
565 3819 664 3874 retulit
681 3820 824 3876 doctrinae
844 3819 963 3875 Graecia
980 3821 1071 3874 mater

342 3908 400 3962 Neo
419 3910 485 3963 dare
504 3925 556 3979 par
574 3908 684 3963 meritis
703 3907 824 3962 Romula
842 3907 939 3977 lingua
956 3910 1058 3977 potest.

564 4164 802 4171 -.-.----,..
