2940 5004
415 341 680 389 sneunarloms
703 341 910 388 Pnavrncaa.
1169 320 1232 385 529

93 501 225 549 savavs
249 500 463 548 annnorus
487 505 504 547 e
527 486 665 570 prologo
689 484 819 549 fabulae
842 483 985 547 discitur.
1017 480 1123 546 Vnius
1147 480 1233 544 eninr

92 591 200 676 graeci
226 590 363 673 exempli
386 612 503 654 nomen
527 591 660 655 inscribi
685 591 816 655 solitum
840 594 902 672 est,
929 588 1056 653 etiamsi
1081 588 1144 651 duo
1167 586 1234 650 fue·

91 700 168 763 runt
191 719 274 782 quae
297 697 417 761 latinus
441 701 538 781 poeta
560 699 595 762 in
618 698 782 762 condenda
805 697 916 761 fabula
936 699 1063 760 secutus
1083 697 1176 758 esset.
1204 692 1232 756 Ε

91 803 216 869 duobus
240 807 347 867 autem
372 805 470 869 etiam
495 803 722 868 Trinummum
746 828 766 868 a
788 804 904 868 Plauto
928 801 1233 867 contaminatam
1256 878 1260 883 .

93 933 162 975 esse
185 910 220 973 in
244 909 375 995 egregia
398 912 672 976 commentatione
696 911 767 993 illa,
797 933 894 995 quarn
918 910 957 974 de
980 907 1122 974 Volcatii
1146 904 1234 970 Sedi-

92 1018 151 1102 giti
175 1039 297 1081 canone
325 1017 468 1101 scripsit,
494 1017 698 1103 Ladewigius
723 1018 874 1101 coniecit,
892 1019 1026 1104 ‚partem
1050 1012 1234 1100 argumenti

92 1146 108 1187 e
131 1122 303 1187 Menandri
326 1126 583 1208 Παρακαταθήκῃ
605 1130 756 1209 repetens
779 1147 809 1207 p.
829 1124 872 1188 34
883 1145 930 1206 sq.
967 1120 1065 1186 Cuius
1090 1119 1233 1184 subtilis-

91 1231 192 1294 simae
225 1229 439 1313 disputationi
471 1253 537 1295 non
568 1231 673 1296 babeo
706 1230 792 1317 quod
826 1229 954 1295 addam:
990 1252 1066 1293 nam
1095 1250 1168 1296 cunr
1195 1226 1234 1290 de

91 1359 206 1402 caussa
235 1338 387 1401 universa
415 1340 485 1401 tum
513 1337 552 1401 de
580 1338 717 1422 singulis
746 1337 946 1402 documentis
974 1334 1134 1399 lubricum
1163 1355 1234 1398 esse

90 1444 242 1509 iudicium
266 1445 336 1528 ipse
359 1466 424 1508 non
447 1444 673 1509 dissimulavit.

179 1622 295 1686 Restat
321 1625 358 1684 ut
385 1622 472 1685 curis
500 1622 648 1685 secundis
678 1644 751 1686 cum
779 1622 814 1685 in
837 1625 952 1705 poetae
975 1621 1084 1685 verbis
1107 1624 1177 1683 tum
1200 1619 1233 1683 in

90 1730 141 1794 his
164 1729 409 1813 Prolegomenis
433 1730 590 1812 quaedam
613 1731 664 1795 vel
689 1731 848 1814 corrigam
872 1730 924 1794 vel
949 1730 1145 1793 confirmem.
1191 1725 1235 1789 nt

91 1837 124 1899 in
156 1837 227 1920 ipsa
259 1836 373 1901 fabula
403 1837 543 1919 primum
579 1837 735 1902 debebam
767 1837 852 1901 italo
884 1836 1057 1901 correctori
1091 1833 1234 1916 obsequi,

90 1943 310 2007 Mercatorooe
332 1965 376 2008 aa
397 1946 518 2009 uenalis
540 1941 648 2008 babuit
670 1966 698 2008 v.
722 1944 788 2008 332
812 1944 965 2008 scribenti
975 1942 1008 2027 *)
1031 1963 1090 2025 pro
1117 1960 1233 2004 merca

91 2055 244 2114 turcanae:
278 2051 364 2135 quod
392 2073 465 2115 curn
494 2052 572 2114 olim
599 2053 764 2133 putassem
789 2049 952 2115 Ciceronis
980 2048 1126 2131 exemplo
1156 2067 1232 2131 quo-

91 2155 164 2220 dam
192 2156 321 2221 defendi
348 2180 457 2241 posse,
488 2167 573 2222 nunc
600 2180 666 2222 non
688 2161 782 2222 teneo
806 2156 983 2221 diutius—
996 2154 1037 2219 V.
1061 2155 1122 2219 531
1148 2154 1232 2218 Hem
1245 2170 1384 2212 cccxxm

89 2263 248 2346 particula
278 2265 397 2329 rectius
428 2268 507 2347 puto
539 2268 630 2328 extra
659 2263 743 2327 hunc
766 2286 895 2328 versum
925 2262 1120 2347 ponebatur:
1157 2261 1234 2325 Istic

91 2369 169 2449 [Em
191 2371 260 2435 istic
282 2367 399 2451 Trin.²]
424 2375 539 2453 oportet
560 2372 660 2453 opseri
682 2391 780 2436 mores
802 2371 910 2434 matos.
926 2407 967 2415 -
981 2368 1021 2433 V.
1032 2369 1096 2433 659
1120 2389 1234 2432 vereor

90 2497 130 2539 ne
153 2476 255 2540 nimia
277 2477 438 2541 modestia
460 2477 617 2542 librorum
641 2478 834 2561 scripturam
859 2477 1012 2558 omnium,
1036 2475 1133 2539 etiam
1158 2475 1233 2538 Arn-

89 2582 243 2666 brosiani,
266 2583 437 2648 servarim:
474 2585 519 2648 Et
541 2584 597 2648 tibi
619 2605 715 2662 ocae,
736 2585 869 2666 proinde
891 2589 926 2648 ut
948 2603 1072 2662 merere,
1095 2601 1234 2646 mosmos

88 2688 182 2754 tabeo
202 2691 340 2772 probos:
366 2712 462 2773 quam
485 2690 520 2753 in
542 2690 635 2754 imbec
652 2711 808 2754 socmmom
822 2691 960 2771 pretium
983 2686 1232 2752 convertendam
1267 2743 1270 2749 .

90 2817 160 2860 esse
184 2796 306 2880 primus
321 2796 397 2860 Ant.
411 2795 545 2859 Reinius
569 2818 659 2860 meus
683 2796 765 2860 dixit
788 2818 826 2860 ea
844 2793 1116 2859 comment-atione
1135 2814 1232 2876 quam

90 2904 198 2965 annot.
213 2902 254 2965 ad
273 2924 300 2965 v.
315 2902 381 2966 820
399 2898 709 2986 commemoravi.**)
742 2897 899 2966 Caussam
921 2893 1032 2963 tamen
1054 2897 1232 2963 modestiae

89 3006 174 3072 hano
196 3008 357 3072 habebam
381 3006 477 3091 quod,
500 3028 572 3071 cum
595 3007 794 3091 reliquorum
818 3005 1038 3088 exemplorum
1062 3005 1102 3067 ad
1126 3003 1232 3068 defen-

90 3113 228 3178 dendum
257 3114 418 3198 pluralem
446 3113 647 3197 prolatorum
676 3114 800 3177 nullum
824 3112 875 3177 vel
900 3115 1011 3195 aptum
1035 3111 1086 3175 vel
1110 3114 1232 3175 certum

90 3242 160 3285 esse
184 3224 335 3285 accurata
353 3220 409 3284 ille
428 3219 647 3303 disputatione
666 3220 833 3302 effecisset,
857 3221 966 3282 tamen
985 3239 1085 3281 unum
1104 3221 1232 3301 praeter

90 3325 271 3391 Trinummi
295 3348 422 3391 versum
443 3326 596 3390 ‘videbam
619 3326 767 3390 relictum
791 3346 860 3390 esse
883 3323 1017 3387 Poenuli
1040 3321 1080 3406 V,
1099 3324 1129 3406 4,
1155 3324 1231 3387 104:

14 3437 25 3459 ⁰
89 3433 138 3497 Di
165 3435 293 3515 <Imaque
322 3454 437 3511 emeres,
467 3433 555 3497 scobis
581 3432 673 3497 babeo
695 3434 803 3497 merda
826 3450 957 3513 mopoos
976 3427 1106 3511 matous,
1135 3452 1231 3512 quam

90 3540 285 3623 scripturam
312 3541 391 3605 item
415 3541 488 3604 libri
512 3562 625 3605 omnes
648 3544 824 3605 testantur:
860 3560 937 3601 nam
960 3536 995 3599 in
1018 3535 1080 3600 boc
1103 3536 1232 3619 quidem

90 3643 259 3710 tractando
283 3644 400 3710 Reinio
428 3646 551 3729 aliquid
579 3648 713 3711 humani
747 3645 872 3711 accidit
904 3679 948 3692 —
975 3640 1015 3706 V.
1041 3643 1123 3706 1071
1158 3664 1231 3706 con·

91 3754 181 3814 stans
205 3751 358 3833 loquendi
381 3774 457 3816 usus
473 3752 649 3832 'Plautinus
673 3753 858 3837 flagitabat,
886 3756 922 3815 ut
945 3755 1026 3814 estne
1047 3749 1081 3812 is
1103 3768 1147 3811 on
1169 3768 1232 3811 oon

195 4050 221 4120 ¹¹)
240 4051 503 4122 [assensuum
522 4049 728 4105 Studemundus
745 4051 866 4106 testatus
885 4051 929 4104 cst
945 4049 1055 4103 exstare
1073 4046 1102 4101 in
1122 4047 1170 4118 rt]

178 4159 220 4229 **)
240 4160 367 4232 [Quaest.
385 4160 478 4215 Plaut.
496 4163 568 4230 part.
588 4159 609 4226 1,
628 4157 671 4213 ed.
691 4156 847 4212 Creialdiae
865 4172 890 4213 a
903 4161 981 4224 1834,
999 4174 1026 4226 p.
1039 4161 1086 4220 133
1106 4155 1231 4209 cetarum

89 4248 119 4302 in
137 4248 179 4303 ed.
190 4250 238 4305 alt.
257 4265 389 4303 samaram
407 4249 508 4303 iactabo
526 4248 645 4318 pretium
665 4263 727 4300 cum
746 4245 926 4300 Fleckeisano
944 4241 1231 4333 diiitsfflmhdiffl

143 4409 183 4446 ra.
198 4410 348 4446 amoenata
367 4408 505 4446 orvscvnu
524 4409 548 4461 a.
984 4377 1032 4453 341
