2992 5004
434 354 694 405 nnnnnmoms
718 357 927 405 33333333.
1186 339 1251 405 333

107 517 172 579 qua
192 497 293 561 cedere
315 496 421 561 forma
438 499 629 583 revocanda,
652 499 703 563 vel
723 523 751 565 v.
766 501 830 566 507
855 500 919 579 3331,
942 500 994 564 331
1013 500 1251 565 utunoverbo

103 601 222 687 dicam,
255 626 274 668 3
298 601 493 671 Schneidcro
520 629 550 690 p.
576 607 639 673 718
655 630 723 692 sqq.
753 608 855 673 allata
882 607 1035 692 pleraque
1058 607 1183 691 omnia,
1215 611 1252 672 ut

103 711 246 776 31331333
277 714 488 778 incommodus
513 713 656 796 prosdcto
690 715 786 780 coep
817 715 911 780 ‹ibtulr'
941 714 1067 797 optime
1095 713 1252 797 3331333333

102 819 223 883 hendo
245 817 376 885 31333νᾶ3
394 821 513 904 1333331
530 823 663 905 teporem
682 822 839 907 niylepens
856 822 1000 903 creditu,
1024 842 1162 906 quornm
1185 841 1251 886 non

107 926 214 991 dicam
240 925 337 991 fidem
366 929 489 993 nullam
518 951 602 1013 3333,
635 929 691 994 sed
718 951 759 994 ne
787 929 938 994 umbram
966 927 1096 1014 quidem
1124 926 1251 1012 fidei.*)

103 1140 280 1209 Quemquam
308 1139 366 1195 3113
392 1140 528 1209 quaedam
559 1143 624 1196 runt
650 1141 680 1196 in
704 1140 880 1209 Trinummo,
907 1157 980 1210 quae
1003 1156 1103 1211 reapse
1125 1138 1250 1194 noreiam

102 1246 188 1298 quam
205 1246 365 1288 meneutam
383 1229 487 1285 hahere
506 1229 661 1286 editoribus
680 1230 741 1285 viee
765 1229 829 1285 3133.
866 1229 953 1285 Velut
970 1229 1019 1300 qui
1037 1249 1063 1286 r.
1083 1234 1136 1285 334
1155 1228 1250 1285 Came·

101 1318 170 1374 rarii
189 1319 357 1390 scripturam
380 1335 437 1374 non
454 1320 535 1374 illaec
557 1321 762 1390 propagarunt,
789 1322 885 1376 utrum
903 1318 1069 1390 corripuieae
1087 1336 1145 1375 non
1164 1319 1250 1389 parti·

102 1408 195 1463 culam
219 1424 256 1463 an
279 1426 311 1464 33
333 1407 541 1479 diphthongum
565 1409 729 1464 credemus?
767 1408 819 1464 Illo
843 1411 937 1464 autem
961 1426 1043 1464 verau
1062 1414 1114 1463 724
1139 1406 1251 1464 etiamsi

102 1497 241 1568 corripere
261 1492 397 1552 3133333333
415 1496 523 1567 1133333,
540 1497 630 1554 nihilo
649 1500 744 1554 tamen
762 1497 852 1569 magis
870 1515 926 1553 meo
944 1513 990 1554 ero
1008 1498 1095 1553 rerba
1113 1497 1184 1552 adeo
1202 1496 1251 1553 de·

103 1587 233 1642 liteucere
259 1585 467 1657 pronuntiando
492 1589 620 1657 poeeent:
648 1590 698 1657 qut
724 1602 780 1642 meo
806 1603 851 1643 ero
877 1589 1021 1642 33333333.
1065 1587 1129 1642 Non
1154 1585 1251 1657 inepte

102 1676 190 1747 igitur
216 1691 370 1745 pronomen
398 1674 515 1730 Bothiue
544 1676 723 1746 expungebat
748 1675 829 1747 [item
853 1675 1023 1732 Bilacheliur
1051 1675 1082 1730 in
1109 1677 1153 1731 ed.
1173 1675 1251 1747 alt]:

104 1764 181 1834 quad
198 1753 293 1820 tamen
311 1765 489 1836 transpositis
507 1766 598 1835 spolia
615 1765 656 1820 chi
673 1763 789 1820 vocibue
808 1764 849 1820 eie
867 1765 1036 1820 servandum
1053 1764 1197 1820 duximus:

174 1855 212 1926 113
230 1872 377 1941 capturum
396 1872 437 1927 ihi
456 1871 548 1943 apelia
565 1872 647 1927 illum
665 1870 714 1941 qui
732 1873 795 1928 meo
814 1888 862 1927 ero
881 1871 1016 1927 33333333
1035 1872 1152 1928 uenerit

102 1979 176 2034 Nam
195 1978 229 2034 de
248 1980 366 2035 accentu
384 1979 413 2034 iu
430 1979 533 2035 ultima
550 1981 630 2034 illum
647 1979 777 2034 vocabuli
795 1979 855 2035 noli
873 1979 1024 2049 quicquam
1043 1979 1142 2036 vereri.
1176 1979 1250 2034 Eun-

103 2069 168 2123 dem
188 2071 334 2124 accentum
352 2069 440 2124 habes
459 2069 495 2124 ab
514 2068 596 2124 initio
616 2085 711 2124 veram
726 2075 742 2123 3
762 2070 846 2135 adest,
865 2071 898 2124 c'n
916 2069 983 2124 illae
995 2068 1047 2140 [em
1061 2069 1141 2123 313333
1148 2067 1170 2138 Ἲ
1185 2072 1251 2122 3333
1285 2071 1287 2075 ’

104 2158 192 2225 aeder,
208 2176 235 2212 r.
255 2163 307 2212 373
325 2160 386 2224 ecio
404 2163 436 2212 tu
453 2159 532 2212 1113133
550 2173 603 2227 quo
620 2160 723 2228 933333,
741 2176 766 2212 v.
787 2162 838 2212 995
857 2159 904 2212 ibo
922 2159 960 2212 cd
977 2159 1057 2211 illem
1074 2157 1250 2222 3333331333·

102 2246 133 2300 13
150 2247 205 2301 fine
222 2261 354 2301 versuum
372 2251 424 2301 433
443 2249 479 2301 ne'
495 2263 542 2317 epo
560 2247 643 2302 ietrtm
661 2247 757 2314 rcelim,
776 2252 828 2301 eto
846 2265 912 2302 oum
930 2248 1010 2301 telem
1029 2247 1094 2313 tibi,
1112 2251 1163 2300 811
1183 2247 1251 2316 quid

103 2336 183 2391 dirim
193 2340 292 2405 putam
310 2334 340 2390 in
355 2335 454 2390 mediis
469 2336 594 2391 versibus
609 2342 660 2392 333
675 2338 724 2406 qui
742 2337 825 2391 ietctm
843 2337 874 2392 di
887 2337 1019 2406 perdant,
1037 2340 1089 2391 928
1106 2336 1154 2405 pol
1171 2336 1251 2391 nvem

102 2425 215 2494 reliqui,
242 2430 293 2480 337
314 2422 362 2496 [cf.
381 2441 444 2482 ann.
464 2425 507 2480 ed.
528 2425 589 2496 alt]
609 2426 795 2496 3339311313
813 2441 924 2481 3333333.
963 2424 1038 2491 Quor
1057 2424 1171 2494 quidem
1190 2441 1250 2480 rer·

104 2531 151 2568 333
175 2513 404 2581 commemoravi,
433 2516 466 2570 ut
488 2515 679 2585 exemplorum
701 2514 883 2570 multitudine
901 2514 1071 2570 Bothianam
1093 2513 1250 2570 doctrinam

104 2603 245 2673 quandam
268 2607 435 2660 everterem:
463 2604 488 2658 13
511 2604 587 2660 euim
608 2604 639 2659 in
657 2604 763 2660 talibus
782 2604 878 2673 aliquo
895 2603 984 2658 fulcro
1004 2618 1074 2673 opus
1093 2608 1157 2658 enee
1173 2605 1250 2656 ratus

103 2693 279 2763 raepineoule
297 2697 398 2763 (nequa
416 2693 491 2749 enim
510 2693 563 2748 eibi
583 2693 722 2764 constitit)
740 2694 858 2759 illaec,
876 2694 1001 2758 illanc,
1014 2693 1129 2746 irtaco
1145 2685 1251 2746 formae

103 2783 133 2836 33
149 2782 238 2838 tacito
261 2784 291 2837 et
312 2783 393 2838 nulla
409 2800 523 2852 proraue
541 2783 710 2838 3333333333
727 2781 843 2838 invexit.
880 2781 922 2836 Ex
941 2780 1070 2837 omnibus
1088 2783 1185 2836 tamen
1204 2797 1249 2836 er·

103 2869 204 2940 emplie
227 2869 264 2924 ad
287 2868 376 2940 illiue,
404 2886 495 2940 aquo
519 2870 638 2940 proiecti
657 2887 766 2941 eumue,
793 2887 889 2927 verene
910 2869 1121 2926 similitudinem
1140 2869 1249 2925 nullum

105 2958 221 3030 propina
240 2974 324 3028 quam
342 2979 369 3015 v.
389 2965 439 3015 331
460 2959 583 3015 accedit:

158 3065 257 3133 „Quod
275 3066 370 3137 habea,
388 3068 424 3120 ne
442 3067 556 3136 habete,
576 3068 606 3122 et
622 3065 691 3122 illric
710 3065 786 3136 quod
804 3069 860 3121 363
878 3066 979 3135 haber,
998 3066 1116 3134 habete,
1134 3063 1248 3120 malum.

104 3174 193 3241 Quem
211 3174 260 3243 qui
278 3173 319 3229 eic
337 3173 510 3230 metiendum
528 3175 674 3245 putarunt:
696 3174 775 3244 Qudd
792 3173 873 3229 tabee
886 3174 1042 3240 3331313333,
1060 3176 1086 3228 e't
1098 3174 1166 3229 37133
1178 3173 1250 3243 33όῶ

103 3280 180 3319 nunc
197 3265 254 3318 non
271 3264 297 3318 3.
316 3264 342 3318 h.
361 3280 406 3331 33,
428 3263 560 3319 elidendo
583 3279 617 3318 33
640 3261 842 3319 commiserunt
859 3262 936 3334 quod
953 3263 997 3318 vie
1016 3265 1045 3318 et
1062 3262 1249 3334 perspicuitas

104 3354 259 3410 sententiae
277 3354 355 3410 nullo
374 3353 459 3411 modo
478 3354 652 3425 patiebatur:
672 3355 757 3422 atque
771 3354 874 3408 omieno
888 3369 964 3409 3333
976 3355 1089 3409 nostrae
1103 3368 1249 3408 mensurae

103 3445 245 3514 praeclare
264 3443 464 3499 Ambrosianus
483 3442 627 3500 succurrit.

192 3569 218 3640 ’)
243 3567 374 3625 Omnium
397 3569 517 3624 maxime
540 3569 570 3624 13
588 3556 778 3624 3333333333
797 3583 885 3637 prava
904 3566 999 3636 opinio
1018 3583 1066 3622 333
1085 3565 1157 3636 egit,
1180 3581 1249 3635 quoa

104 3646 210 3714 alicubi
228 3660 347 3730 probare
366 3654 511 3713 ctrmtiam
528 3657 657 3714 memini:
676 3674 775 3728 parum
793 3655 858 3712 illos
877 3654 1009 3711 lll'ullii
1027 3671 1177 3724 memores,
1194 3671 1248 3724 quo

103 3750 176 3803 teate
200 3751 231 3803 et
250 3750 368 3804 1333333
391 3749 421 3803 et
442 3748 543 3814 holdae
566 3749 596 3803 et
618 3747 759 3803 3333333313
778 3748 808 3800 33
825 3746 941 3814 confecit
958 3743 1097 3815 producta
1113 3743 1150 3797 ab
1168 3741 1248 3797 initio

30 3869 34 3874 ·
104 3837 198 3894 vocali
214 3828 398 3908 pronuntiata
415 3839 480 3892 eunt
499 3853 562 3892 cum
581 3836 718 3890 rimilihue
738 3834 866 3891 omnibus
883 3833 971 3903 (Orat
991 3850 1014 3888 3.
1029 3835 1084 3902 ts).
1102 3864 1139 3872 —
1156 3831 1189 3886 ln
1207 3831 1248 3886 33-

104 3925 174 3982 lium
193 3928 297 3995 autem,
315 3927 410 3996 qualia
428 3927 626 3997 supraposui,
645 3923 836 3981 defensoribus
854 3923 940 3979 miror
958 3922 1046 3978 etiam
1064 3920 1125 3976 erni
1143 3921 1249 3976 eetero-

103 4016 154 4087 qui
171 4015 269 4072 iudicii
286 4017 377 4072 virum
396 4016 621 4087 Kampmannum
639 4030 712 4084 eree,
736 4013 785 4084 qui
803 4013 838 4068 de
856 4013 914 4068 reb.
934 4012 992 4068 mil.
1019 4010 1061 4067 Pl.
1087 4027 1115 4079 p.
1134 4015 1168 4065 33
1193 4023 1249 4063 333

104 4106 188 4162 modo
212 4102 290 4176 1393,
317 4105 368 4161 aad
390 4100 534 4176 3133333333
556 4106 586 4158 33
607 4103 698 4157 multo
721 4103 808 4157 etiam
830 4099 967 4171 rigidiora
987 4099 1067 4155 nullo
1090 4097 1175 4154 modo
1196 4095 1250 4151 eibi

105 4195 176 4266 eripi
195 4211 294 4266 paeane
312 4195 458 4264 tamqnam
475 4193 506 4248 in
524 4191 587 4248 sinu
605 4191 683 4246 terit
716 4190 830 4246 Adeone
844 4190 932 4259 igitur
950 4188 1108 4244 inauditum
1126 4188 1171 4243 ert
1187 4188 1249 4242 tan·

104 4285 198 4339 3111333
221 4284 365 4339 turbatum
389 4300 449 4340 3333
472 4283 502 4338 13
525 4281 605 4338 libris
628 4279 760 4350 quantilli
784 4278 939 4334 mutatione
967 4277 1037 4333 levir
1065 4278 1130 4332 1133
1149 4276 1248 4332 ecabro

105 4373 242 4429 verriculo
261 4372 341 4428 Cure.
360 4373 394 4442 V,
413 4379 439 4443 2,
459 4378 505 4427 15:

177 4481 256 4547 Quod
271 4481 427 4552 lugentum,
445 4498 516 4550 quau
531 4481 562 4534 tu
577 4477 647 4533 mihi
661 4477 747 4533 tricae
761 4483 877 4532 narrar?
895 4492 979 4545 quam
998 4477 1030 4530 tn
1048 4473 1249 4545 uirginem-t

248 4565 268 4595 ἱ
