2910 5010
239 344 304 407 684
445 393 449 399 .
617 358 851 404 parameses
876 357 1003 403 annau.

240 525 369 568 necesse
393 506 443 566 est
467 502 594 566 liberali
618 502 725 567 indole
748 502 818 585 ipse
842 501 948 565 fuerit.
994 499 1145 584 Eamque
1168 501 1297 566 indolis
1321 502 1396 565 libe

238 610 416 692 ralitatem,
447 608 475 671 si
500 630 609 672 verum
635 608 785 673 volumus
808 607 917 690 fateri,
943 629 1004 690 per
1028 606 1224 673 diuturnum
1250 609 1315 672 llle
1338 610 1395 673 im·

238 717 364 800 perium
388 721 438 780 101
462 720 591 799 tamque
615 714 787 780 luculentia
807 714 1001 778 testimoniis
1021 715 1255 799 comprobavit
1275 716 1312 780 in
1331 739 1394 780 om·

237 845 294 887 nes
318 828 428 907 partes
452 821 668 886 institutionis
693 820 840 904 publicae
863 821 1066 904 patentibus,
1095 825 1134 885 ut
1157 821 1238 886 hino
1262 824 1392 906 potissi·

238 950 326 992 mum
350 929 465 1012 laudis,
488 929 628 1011 virtutis,
651 927 818 993 felicitatis
841 932 910 992 tam
933 927 987 991 diu
1010 927 1045 992 in
1059 927 1257 993 Borussiam
1277 930 1392 995 redun-

241 1034 348 1100 dantis
376 1057 441 1100 non
466 1035 661 1100 mediocrem
685 1038 811 1119 partem
834 1035 1005 1100 universae
1029 1056 1091 1100 vox
1115 1034 1275 1120 Europae
1305 1059 1389 1123 repe

238 1141 337 1207 tierit.
384 1142 448 1218 Qui
483 1143 511 1206 si
541 1162 598 1206 nee
627 1141 727 1205 insita
754 1145 890 1205 naturae
918 1141 1085 1224 voluptate
1119 1139 1321 1207 trahebatur
1352 1145 1389 1208 ad

239 1248 418 1313 litterarum
439 1249 555 1333 studia,
579 1269 637 1313 nec
656 1269 767 1312 earum
786 1248 930 1313 rationes
950 1247 1143 1332 singillatim
1162 1254 1388 1332 perscrutatus

239 1377 298 1419 suo
328 1356 444 1420 iudicio
475 1356 556 1420 satis
584 1355 744 1420 confidere
773 1355 807 1418 in
835 1355 903 1419 illis
927 1353 1133 1420 moderandis
1156 1355 1385 1422 administren·

238 1460 351 1544 disque
382 1463 503 1544 potuit:
541 1462 686 1547 profecto
720 1462 761 1528 ob
791 1461 824 1526 id
855 1462 961 1546 ipsum
993 1461 1096 1525 multo
1128 1462 1233 1527 etiam
1266 1466 1385 1531 maiore

190 1573 193 1580 '
238 1569 444 1633 veneratione
468 1569 586 1654 dignus
610 1569 752 1632 exstitit:
776 1605 818 1614 -
844 1568 983 1652 primum
1017 1567 1148 1651 quidem
1182 1571 1286 1654 quod,
1314 1573 1385 1656 quia

240 1675 410 1760 salutares,
435 1677 511 1760 quia
534 1675 688 1741 honestas
712 1697 782 1739 esse
806 1675 907 1740 bonas
927 1678 1012 1739 artes
1030 1674 1252 1760 intellexerat,
1275 1677 1323 1742 ita
1341 1680 1382 1743 111

173 1804 177 1812 ·
237 1783 469 1865 prospiciebat,
502 1783 594 1866 quasi
627 1783 660 1846 in
694 1782 818 1847 deliciis
854 1781 989 1846 haberet
1023 1784 1055 1845 et
1088 1782 1123 1845 111
1158 1782 1280 1848 intimo
1316 1786 1381 1849 sinu

237 1889 373 1952 l'overet:
403 1910 447 1936 ²—
479 1888 593 1953 deinde
624 1889 723 1972 quod,
755 1888 872 1973 quibus
903 1887 1044 1973 negotiis
1075 1893 1162 1952 recte
1193 1892 1381 1955 accurandis

240 1999 342 2058 semet
364 1995 471 2079 ipsum
491 1996 648 2079 imparem
669 1995 814 2079 sentiret,
837 2016 947 2060 eorum
967 1994 1175 2059 administros
1197 1996 1381 2084 intellegen-

238 2084 384 2169 tissimos
412 2102 613 2169 adsciscebat
641 2102 850 2167 consiliorum
882 2124 1012 2166 suorum
1041 2102 1147 2166 socios
1171 2106 1380 2187 gravissimos

238 2212 271 2272 et
298 2209 472 2274 acerrimos
500 2209 652 2283 vindices.
697 2207 782 2273 Nam
812 2210 839 2272 si
869 2231 996 2273 summa
1024 2208 1094 2273 laus
1124 2213 1189 2295 est,
1223 2234 1264 2277 ne
1293 2234 1380 2299 egere

238 2315 367 2399 quidem
392 2315 497 2379 aliena
522 2337 597 2399 ope,
627 2315 738 2400 paucis
762 2314 819 2378 illa
842 2315 1035 2380 mortalibus
1059 2337 1227 2381 concessa:
1263 2323 1378 2383 utnon

237 2422 353 2486 ultima
376 2422 456 2486 haec
479 2426 538 2504 est,
562 2423 661 2489 immo
681 2422 828 2506 proximo
847 2423 888 2486 ab
908 2421 967 2486 illa
987 2422 1160 2488 intervallo
1180 2425 1317 2510 distans,
1340 2431 1379 2508 ut,

241 2529 358 2613 quibus
382 2528 484 2612 copiis
508 2529 578 2612 ipse
601 2549 711 2613 egeas,
739 2551 794 2593 eas
824 2528 893 2613 pari
923 2529 1239 2613 circumspicientiae
1263 2534 1378 2617 sagaci·

195 2630 199 2635 ’
239 2641 306 2699 tate
330 2636 450 2700 habeas
474 2637 528 2720 qui
542 2636 613 2699 tibi
638 2636 768 2701 aliunde
792 2636 909 2719 parias.
937 2635 982 2701 Et
1000 2637 1034 2700 in
1052 2658 1090 2700 eo
1110 2637 1243 2721 quidem
1268 2661 1378 2725 genere

236 2766 333 2826 quam
362 2744 479 2808 eximio
508 2765 656 2807 successu
686 2742 901 2808 Farnaarcvs
925 2729 1129 2808 Gvinsmrvs
1159 2745 1378 2829 elaboraverit,

236 2850 396 2933 cumipse
419 2851 478 2916 llos
502 2854 537 2914 et
560 2849 659 2913 robur
678 2850 885 2915 beatissimae
904 2850 994 2935 pacis
1013 2853 1208 2935 argumento
1233 2857 1293 2934 est,
1315 2859 1377 2918 tum

236 2954 496 3038 splendidissima
525 2957 657 3021 nomina
685 2978 796 3020 eorum
825 2959 1001 3040 testantur,
1033 2956 1227 3041 quibuscum
1251 2958 1314 3024 llle
1335 2982 1378 3023 re·

235 3062 357 3146 gandae
388 3063 435 3128 rei
467 3062 616 3147 publicae
649 3061 759 3126 munia
789 3061 1047 3126 communicavit.
1095 3061 1236 3128 Possum
1266 3066 1300 3130 in
1322 3066 1377 3131 hoc

236 3172 426 3251 argumento
450 3167 628 3253 exspatiari
652 3168 796 3252 longius:
826 3189 950 3251 verum,
978 3168 1162 3253 quandoid
1187 3171 1274 3253 quod
1301 3196 1377 3236 sum-

236 3297 324 3339 mum
348 3280 411 3360 est,
435 3280 471 3341 ut
495 3275 628 3360 pietatis
657 3275 786 3340 affectui
816 3279 993 3360 grataeque
1015 3274 1252 3342 recordationis
1275 3279 1377 3343 officio

234 3382 381 3464 quamvis
405 3382 496 3447 tenui
520 3381 696 3447 voluntatis
721 3381 948 3446 testificatione
971 3381 1158 3464 satisfieret,
1180 3384 1249 3449 iam
1276 3391 1378 3470 potest

237 3488 347 3572 aliquo
372 3489 466 3553 modo
491 3489 639 3552 effectum
664 3488 778 3570 videri,
801 3487 877 3552 uolo
901 3491 1008 3553 vestra
1031 3489 1193 3572 patientia
1217 3493 1309 3557 abuti
1332 3515 1377 3556 ex·

234 3594 530 3678 spectationemquc
554 3597 696 3658 vestram
720 3593 840 3659 diutius
865 3595 995 3659 morari.

324 3699 412 3783 Ergo
443 3703 479 3764 ut
507 3704 670 3765 transeam
700 3700 741 3765 ad
769 3700 955 3784 propositas
983 3702 1149 3785 superiore
1175 3728 1265 3772 anno
1289 3730 1377 3791 quae·

234 3807 370 3889 stiones,
405 3806 468 3870 iam
493 3828 556 3870 non
583 3827 655 3869 mea
679 3806 858 3872 elocutione
886 3812 974 3891 utar,
1007 3808 1063 3873 sed
1087 3810 1183 3874 fidem
1210 3815 1378 3879 verborum

233 3913 274 3977 ab
298 3913 379 3997 ipsis
403 3913 569 3978 ordinibus
593 3914 715 3979 chartis
739 3915 1002 4000 consignatorum
1027 3918 1173 3982 servabo.
1204 3955 1248 3965 -—
1274 3957 1315 3967 -
1339 3958 1376 3968 —
