2910 5010
250 330 317 394 702
435 364 438 368 Δ
477 346 712 395 nnvmurscuu
736 333 951 413 nascentes,
974 347 1181 412 saansaan,

247 496 364 574 turam,
388 491 552 555 communi
575 491 699 575 impetu
724 491 907 555 litterarum
930 489 1216 554 universitatibus
1244 490 1403 568 minantur,

249 620 269 661 a
293 596 484 673 laetioribus
508 597 607 662 etism
631 598 754 682 quartis
778 597 857 661 haec
875 597 973 661 tertia
992 596 1186 661 saecularia
1206 597 1404 680 excipiantur.

251 702 365 768 Valete
388 704 547 788 nobisque
570 705 686 769 favete.

332 810 561 877 Scribebamus
581 811 715 877 Bcnnae
740 810 821 876 XllI
842 810 914 876 Kal.
934 808 1066 894 Septa.
1087 828 1401 878 elolocccxmuu,

720 1063 930 1071 -.-—-—————

808 1258 837 1322 6.

268 1398 711 1463 Gratulationsadresse
739 1397 803 1462 der
830 1398 983 1463 Bonner
1011 1397 1275 1465 Universitfit
1303 1421 1379 1462 zum

304 1505 747 1591 dreihundertjahrigeu
769 1505 967 1571 Jubilsum
992 1505 1063 1570 der
1088 1504 1345 1571 Universitat

674 1668 680 1679 ,
742 1613 779 1677 in
802 1613 908 1678 Jena.

335 1754 455 1821 [lector
482 1761 516 1821 et
539 1754 676 1821 Senatus
699 1754 708 1842 ll
732 1753 962 1820 Vniversitatis
986 1753 1188 1820 Fridericiae
1214 1755 1395 1820 Guilelmiae

245 1860 420 1926 Rhenanae
443 1860 452 1948 ll
484 1861 515 1928 S.
538 1863 572 1927 P.
595 1861 635 1926 D.
658 1861 667 1946 ᾗ
689 1862 872 1928 Prorectori
901 1867 934 1927 et
962 1860 1099 1929 Senatui
1122 1863 1134 1946 ss
1157 1862 1301 1928 Inclitae
1328 1861 1395 1927 Vni·

249 1970 415 2034 versitatis
439 1969 595 2034 lenensis.

341 2093 422 2158 'Pam
442 2092 588 2177 profecto
607 2092 781 2157 iucundum
800 2114 898 2177 quarn
917 2091 1132 2156 honorificum
1155 2095 1257 2159 nobis
1280 2093 1393 2171 accidit,

252 2199 336 2283 quod
364 2203 461 2264 natae
490 2204 565 2264 ante
593 2200 673 2264 haec
701 2199 764 2263 tria
793 2198 920 2264 saecula
942 2199 1169 2264 universitatis
1195 2199 1335 2267 Vestrae
1355 2202 1393 2265 in

251 2307 464 2370 lustrissimae
495 2306 700 2389 eiusdemque
730 2327 788 2388 per
817 2309 1000 2388 temporum
1032 2304 1280 2374 vicissitudines
1304 2308 1392 2373 divini

147 2402 149 2407 ⁵
250 2412 394 2477 numinis
426 2412 581 2478 beneficio
613 2413 829 2497 prosperrime
860 2416 1069 2478 conservatae
1098 2413 1248 2480 faustam
1284 2437 1392 2480 memo

251 2522 333 2585 riam
363 2542 422 2585 uos
452 2521 674 2585 concelebrare
703 2519 844 2585 iussistis
873 2541 995 2604 proque
1024 2519 1136 2584 futura
1164 2522 1259 2587 illius
1282 2522 1392 2587 incoln-

250 2629 363 2692 mitate
386 2626 539 2691 voluistis
568 2648 640 2691 cum
663 2624 791 2690 Vestris
820 2631 935 2692 nostra
956 2630 1034 2691 vota
1056 2626 1268 2709 pientissima
1292 2649 1391 2694 conso-

252 2735 339 2799 ciari.
386 2733 472 2798 Nam
505 2737 732 2818 praeterquam
766 2733 851 2817 quod
882 2733 1025 2799 lactitiae
1058 2731 1242 2799 Vobiscum
1274 2734 1391 2820 partiei-

251 2842 376 2926 pandae
400 2862 515 2906 caussa
538 2841 732 2925 gravissima
754 2841 888 2905 inventa
911 2841 1013 2905 estin
1031 2842 1200 2906 communi
1221 2842 1390 2908 studiomm

246 2950 433 3032 artiumque
466 2947 701 3013 necessitudine
734 2948 892 3031 omniurn,
923 2947 1096 3014 accedebat
1125 2947 1206 3012 huov
1226 2949 1389 3036 singularis

251 3057 300 3121 vis
324 3056 426 3140 ipsius
445 3054 717 3118 dissimilitudinis
736 3076 816 3139 quac
835 3055 922 3119 inter
936 3053 1071 3120 Vestras
1086 3059 1286 3142 nostrasque
1304 3055 1391 3120 ratio

246 3185 303 3227 nes
319 3162 499 3227 intercedit.
533 3161 811 3238 Quemadmodum
831 3165 917 3229 enim
936 3164 971 3229 in
990 3165 1057 3229 vita
1077 3163 1251 3230 hominum
1266 3163 1387 3231 iuvenili

247 3269 351 3335 aetati
374 3269 486 3334 senilis
511 3270 684 3354 prudentia
707 3272 847 3354 proponi
872 3271 957 3336 solet
981 3272 1021 3337 ad
1044 3270 1256 3358 imitandum,
1279 3275 1391 3338 iteres

247 3381 379 3443 nostrae
404 3377 444 3442 ad
464 3377 688 3441 maturitatem
707 3377 877 3460 paullatim
893 3378 1138 3443 subolesceutes
1158 3400 1227 3443 non
1246 3375 1390 3464 possead

249 3474 368 3549 clarius
388 3490 421 3548 et
439 3483 601 3549 efficacius
617 3485 780 3566 exemplar
799 3483 896 3570 dirigi
915 3484 1118 3568 videbantur,
1143 3509 1245 3571 quam
1266 3485 1347 3571 quod
1363 3485 1391 3548 in

250 3592 339 3656 omni
363 3595 396 3654 et
420 3591 586 3656 doctrinae
609 3594 642 3655 et
665 3589 851 3655 honestatis
870 3612 986 3676 genere
1006 3615 1025 3656 a
1044 3591 1165 3657 Vestra
1188 3594 1392 3659 universitate

250 3699 372 3763 editum
402 3700 488 3761 esset
520 3696 795 3781 amplissimisque
827 3697 927 3762 trium
960 3698 1166 3764 saeculorum
1199 3699 1392 3766 documentis

252 3808 468 3889 propagatum
492 3804 825 3890 commendatumque.
872 3802 976 3881 Quam
1001 3805 1130 3890 quidem
1155 3809 1275 3874 merito
1297 3829 1392 3895 recor·

252 3911 423 3994 debemur,
453 3932 491 3973 er
523 3932 586 3994 quo
617 3911 875 3995 generosissimis
906 3912 1050 3976 consiliis
1081 3912 1217 3978 Ioannis
1250 3912 1393 3980 Friderid

251 4016 454 4102 Magnanimi
478 4016 608 4082 condita
631 4021 693 4099 est,
721 4018 833 4082 multis
864 4041 901 4083 ac
925 4021 1030 4084 saevis
1054 4041 1126 4084 cum
1151 4021 1395 4088 domesticorum

249 4128 320 4188 turn
353 4127 560 4189 externorum
592 4124 809 4207 periculorum
840 4127 1091 4210 tempestatibus
1123 4128 1299 4214 iactatam,
1330 4150 1394 4194 cum

252 4230 332 4296 levis
356 4235 390 4295 et
413 4230 578 4295 imbecilla
597 4229 729 4296 fortuna
748 4233 929 4298 animorum
948 4233 1103 4297 firmitate
1122 4239 1223 4319 atque
1244 4238 1397 4322 gravitate

254 4341 421 4422 tamquam
447 4338 564 4403 fluctus
589 4361 740 4404 saxorum
764 4342 881 4406 robore
904 4341 1095 4420 vinceretur,
1118 4342 1185 4408 vim
1205 4366 1246 4408 ac
1265 4348 1398 4429 potesta·

251 4446 317 4507 tem
339 4445 480 4528 virtutis,
504 4445 634 4528 laboris,
653 4447 842 4527 industriae,
860 4450 1064 4515 constantiae
1082 4453 1151 4514 tam
1171 4451 1263 4515 clara
1283 4453 1316 4516 iu
1335 4453 1399 4515 luce
