2986 5010
423 327 688 375 EMENDATIONIS
712 328 920 376 PLAV'PINAB.
1183 311 1248 375 415

192 470 305 556 Neque
328 470 423 536 illaec
445 471 506 536 ulli
529 470 610 555 pede
633 470 748 555 pedem
771 470 897 536 homini
920 475 1059 556 premat:

194 576 299 654 Quom
323 581 447 664 surgat,
469 598 573 662 neque
596 577 631 642 in
653 577 773 643 lectum
797 577 967 643 inscendat
988 575 1249 664 proxumum-'l

103 720 155 785 Ad
182 719 242 786 hos
271 721 358 785 enim
387 741 498 785 omnes
527 719 643 784 similis
670 720 861 806 depravatio
889 720 1048 805 pertinuit
1071 741 1088 784 e
1111 723 1162 784 sat
1184 719 1249 784 levi

104 851 218 893 caussa
241 828 390 911 oriunda,
413 850 478 912 qua
500 827 547 892 sic
570 849 636 892 non
658 827 862 894 incommode
885 828 1122 893 liberabuntur:

192 968 305 1056 Neque
328 969 428 1035 illaec
451 969 510 1034 ulli
532 969 613 1055 pe'de
636 969 752 1054 pedem
774 992 906 1055 usquam
928 967 1056 1035 homini
1076 975 1212 1055 premat,
1249 989 1373 1032 enxxnr

194 1078 299 1155 Quom
323 1081 445 1162 surgat,
468 1098 571 1161 neque
590 1077 648 1142 illa
665 1077 700 1141 in
718 1078 835 1144 lectum
855 1077 1023 1143 inscendat
1041 1077 1247 1161 prdxumum:

192 1184 306 1272 Neque
329 1185 426 1270 qudm
450 1182 624 1248 descendat
647 1180 732 1268 inde,
755 1184 810 1249 det
833 1184 1008 1270 quoiquam
1031 1206 1176 1249 manum:

194 1291 410 1378 Spectandum
432 1312 473 1355 ne
497 1290 667 1376 quoiquam
690 1291 821 1355 dnulum
845 1291 899 1355 det
922 1291 1024 1376 neque
1047 1294 1154 1377 roget:

193 1402 291 1467 Tales
313 1421 354 1464 ne
378 1398 553 1484 quoiquam
575 1398 738 1464 admoueat
758 1397 878 1464 laomim
900 1396 964 1463 nisi
988 1399 1057 1465 tibi.

105 1544 282 1630 Aliquanto
312 1542 446 1629 propius
478 1542 518 1607 ad
548 1543 576 1608 ci
605 1542 692 1607 vocis
723 1541 972 1607 similitudinem
1004 1541 1107 1608 videri
1138 1543 1248 1626 potest

106 1653 304 1737 bisyllabum
330 1651 417 1716 huic
445 1650 607 1716 accedere:
641 1650 696 1715 sed
719 1653 830 1715 tamen
853 1650 963 1735 fidem,
996 1648 1024 1715 si
1047 1648 1124 1734 quid
1147 1648 1248 1731 video,

104 1780 146 1823 ne
174 1758 237 1824 hoc
265 1757 392 1843 quidem
420 1756 530 1822 habet.
576 1755 663 1822 Nem
692 1754 962 1840 quemadmodum
992 1756 1088 1821 heluco
1117 1755 1186 1821 doce
1215 1760 1249 1821 et

107 1865 293 1931 consimiles
321 1862 444 1930 formae
472 1863 551 1929 alibi
579 1885 599 1927 a
621 1862 766 1928 librariis
791 1862 996 1929 oblitteratae
1020 1867 1152 1929 suntet
1175 1885 1248 1929 eum

104 1971 236 2038 usitatis
263 1970 345 2035 huuc
366 1970 421 2035 hec
442 1973 659 2055 permutatae,
692 1971 739 2035 ita
761 1969 844 2034 mihi
867 1970 995 2056 quidem
1019 1993 1152 2056 prorsus
1175 1992 1248 2055 per-

103 2100 236 2144 suasum
259 2082 310 2143 est
326 2077 413 2142 hacce
436 2099 564 2162 quoque
587 2099 653 2142 non
676 2076 787 2161 paucis
806 2077 888 2143 locis
908 2101 968 2163 pro
987 2068 1059 2145 huie
1076 2078 1247 2144 restituen-

103 2185 191 2249 dum*
208 2206 279 2249 esse
309 2184 360 2272 (ut
390 2208 420 2269 p.
444 2178 538 2260 cmxx
572 2182 689 2271 [412]).
735 2182 807 2260 Qua
834 2183 939 2250 forma
966 2185 1111 2272 reposita
1139 2189 1248 2250 actum

102 2296 153 2357 est
180 2292 219 2358 de
246 2291 298 2356 his
328 2291 483 2375 exemplis
512 2313 532 2355 a
560 2288 766 2356 Fleckeiseno
795 2290 903 2357 allatis
932 2292 1049 2379 Amph.
1072 2292 1120 2376 II,
1144 2293 1173 2376 2,
1198 2293 1248 2357 70.

103 2400 194 2464 Asin.
217 2399 298 2483 prol.
325 2398 373 2463 10.
410 2396 526 2462 Bacch.
551 2396 740 2481 111‚3,80.
775 2397 832 2481 IV,
855 2398 885 2482 5,
909 2399 944 2463 4:
1073 2424 1075 2429 ’

192 2525 304 2608 Etiam
327 2545 365 2606 tu
388 2561 516 2625 quoque
539 2539 720 2605 assentarie
743 2537 860 2606 husee?
898 2539 983 2617 Quid
1006 2541 1056 2606 uis
1080 2540 1175 2607 fieri?

193 2648 321 2714 Dicam:
345 2645 441 2713 huice
463 2668 583 2713 nomen
606 2649 721 2732 graece
745 2645 894 2733 Onagost
915 2649 1053 2714 fabulae.

192 2755 279 2821 Mihi
302 2756 487 2840 discipulus,
509 2753 578 2820 tibi
601 2753 847 2839 sodalis,hu1'ce
870 2756 967 2840 periit
989 2754 1092 2821 filius.

192 2863 279 2929 Nam
301 2864 370 2929 ndn
391 2862 543 2928 conducit
565 2859 660 2927 huice
683 2860 921 2945 sucophantiae.

102 3005 131 3071 Ε
155 3007 287 3090 reliquis
311 3009 420 3071 autem
444 3005 562 3070 misere
586 3003 627 3068 ab
646 3003 727 3089 ipsis
745 3003 888 3069 numeris
907 3003 1036 3070 laborat
1049 3005 1248 3072 Menaechm.

102 3114 184 3199 prol.
207 3112 265 3178 40:

193 3255 349 3320 immutat
371 3275 489 3319 nomen
514 3252 593 3318 duos
616 3227 692 3317 huic
715 3252 846 3338 gemino
869 3255 976 3320 dlteri:

103 3421 179 3464 nam
202 3401 330 3484 praeter
353 3396 543 3461 delitescens
569 3396 692 3480 qcmiuo
715 3394 823 3480 ipsum
846 3397 930 3478 huic,
963 3399 1090 3465 etiamsi
1114 3400 1249 3485 bisylla-

104 3508 183 3571 bum
207 3526 276 3571 esse
301 3503 505 3588 concedatur,
528 3508 697 3569 accentum
720 3504 754 3570 in
779 3504 893 3572 ultima
916 3506 1034 3572 habere
1057 3529 1121 3571 non
1143 3507 1249 3592 magis

103 3615 221 3698 potest
244 3634 342 3697 quam
366 3634 521 3705 umquam
547 3612 794 3696 pronuntiatum
818 3609 917 3678 ested
939 3611 1038 3699 (quod
1058 3613 1248 3678 sustulimus

104 3718 193 3784 Trin.
217 3739 283 3804 arg.
308 3717 399 3805 6*)).
445 3718 552 3795 Quare
575 3719 772 3784 confidenter
796 3720 1071 3803 transponendum

193 3835 351 3928 lmmdtat
373 3863 502 3946 gemino
527 3863 644 3927 nomen
668 3884 747 3928 auos
771 3861 847 3928 huic
869 3862 973 3929 alteri.

104 4004 153 4071 De
177 4003 271 4090 Capt.
293 4004 324 4088 Ι,
347 4005 381 4088 2,
404 4004 447 4069 49
477 4003 626 4069 Bentleio
655 4004 895 4070 assentiendum
919 4005 1052 4071 videtur.
1088 4004 1248 4071 Rudentis

103 4113 185 4198 prol.
199 4112 242 4176 39
264 4134 331 4178 non
354 4117 425 4177 erat
447 4112 540 4178 valde
563 4111 743 4198 probabilis
766 4111 846 4176 haec
865 4112 1047 4179 emendatio
1073 4113 1248 4180 reicienda:

212 4360 238 4430 *)
263 4361 308 4432 [ln
331 4361 374 4416 ed.
399 4359 450 4416 alt.
475 4359 601 4432 reposuit
623 4358 793 4415 Ritschelius
816 4359 878 4415 coll.
904 4360 1032 4431 ‘praeter
1055 4361 1113 4417 alia
1137 4362 1249 4434 Epidici

104 4467 211 4522 argum.
230 4468 256 4506 v.
276 4450 327 4522 a’]
