3038 5010
444 319 648 368 9911111111)
673 318 809 366 11111919
834 319 984 367 ausono.
1222 303 1286 368 229

141 463 302 547 strophas,
326 483 409 546 quae
431 462 466 526 in
489 461 716 546 tranquilliore
744 461 938 527 instantium
962 462 1179 547 periculorum
1203 486 1287 529 com·
1342 488 1354 511 ⁰

140 568 374 635 memoratione
402 569 621 652 continuaque
650 567 782 633 deorum
811 568 1042 652 imploratione
1066 570 1288 654 versabantur,

141 675 245 742 denuo
273 676 454 761 repentinis
487 676 665 741 terroribus
694 699 722 740 v.
754 675 816 741 135
844 677 874 757 (ἓ
888 676 906 740 ἔ
919 677 935 741 ἒ
950 675 981 758 ἔ)
1009 675 1151 760 virgines
1180 679 1286 743 exani·

140 768 248 848 matae
266 783 298 848 in
318 804 421 849 novos
443 784 594 868 planctus
617 786 800 868 erumpunt,
824 805 905 868 quos
930 781 1058 868 quidem
1082 783 1148 848 iam
1172 783 1286 869 singil-
1335 808 1339 817 ¹

140 890 245 974 latim,
268 894 305 956 ut
328 891 369 956 ab
393 890 500 974 initio,
524 889 626 955 etita
649 889 746 955 simul
769 894 1020 974 persequuntur,
1044 894 1080 954 ut
1102 890 1285 957 institutam

138 998 181 1062 ab
208 998 359 1063 universo
388 997 486 1063 choro
510 997 643 1062 deorum
666 996 904 1062 invocationem
928 997 1131 1082 continuent,
1154 998 1286 1082 singula

139 1084 280 1192 singulis
296 1105 447 1170 lamentis
462 1105 596 1170 nomina
610 1104 741 1169 deorum
761 1104 941 1190 iungentes.
966 1104 1073 1189 Atque
1092 1104 1139 1171 sic
1157 1105 1285 1169 demum

138 1213 352 1300 intellegitur,
375 1234 432 1279 cur
450 1212 623 1278 eorundem
646 1212 779 1277 deorum
804 1212 1006 1296 quorundam
1029 1212 1151 1278 mentio
1174 1211 1285 1277 iterari

139 1319 176 1384 in
199 1318 261 1385 hac
285 1322 378 1405 parte
403 1319 555 1385 carminis
579 1318 747 1384 commode
770 1318 927 1404 potuerit3
950 1341 1026 1385 nam
1045 1324 1174 1405 praeter
1192 1319 1286 1385 luno·

140 1448 226 1510 nem,
250 1447 331 1511 quae
355 1448 431 1491 sane
449 1447 535 1491 nova
554 1425 685 1507 accedit,
709 1430 777 1490 tum
797 1426 922 1492 Dianae
946 1432 1015 1492 tum
1035 1426 1198 1512 Apollinis
1216 1431 1285 1492 tum

138 1533 283 1599 Palladis
315 1533 437 1598 mentio
470 1533 535 1597 iam
567 1532 653 1598 facta
683 1536 779 1597 antea
813 1534 854 1599 ab
890 1535 1039 1600 universo
1073 1533 1171 1599 choro
1205 1539 1283 1598 erat.
1300 1563 1327 1600 42

139 1641 282 1707 Tantum
306 1645 413 1705 autem
438 1638 566 1705 videtur
589 1639 746 1705 affirmari
770 1639 855 1705 haud
875 1640 1076 1707 haesitanter
1100 1663 1205 1726 posse,
1229 1663 1287 1704 nec

139 1747 309 1814 duodecim
325 1768 481 1831 apparere
500 1768 713 1830 personarum
733 1746 882 1831 vestigia,
902 1768 982 1831 quas
1002 1748 1036 1812 in
1055 1748 1118 1813 hac
1132 1747 1286 1831 Aeschyli

140 1855 254 1921 fabula
281 1853 344 1919 sibi
367 1853 540 1938 indagasse
564 1855 652 1919 visus
681 1858 731 1920 est
753 1853 928 1919 Muellerus
957 1855 989 1919 in
1014 1854 1129 1919 Aesch.
1153 1853 1287 1918 Eumen.

141 1986 172 2047 p.
197 1962 238 2028 78
255 1984 315 2047 sq.‚
343 1983 402 2027 nec
426 1962 699 2047 quattuordecim,
727 1963 782 2047 qui
805 1982 960 2027 numerus
988 1963 1068 2027 satis
1095 1984 1154 2046 per
1177 1983 1210 2025 se
1235 1984 1285 2025 su-

139 2076 271 2154 spectus
300 2067 458 2134 Passovio
489 2068 612 2153 placuit
643 2074 676 2134 et
706 2068 868 2135 Ahrensio
899 2069 933 2133 in
963 2069 1052 2135 Dior.
1081 2069 1233 2135 scholast
1258 2092 1285 2134 a.
1382 2099 1386 2106 ·

141 2177 226 2243 1833
256 2199 287 2261 p.
315 2176 388 2240 270.
435 2174 504 2241 Nec
536 2175 640 2261 magis
673 2175 886 2261 Bambcrgeri
923 2177 1008 2262 ratio
1042 2176 1287 2242 commendatur

141 2283 194 2367 (de
217 2304 315 2348 carm.
338 2280 455 2346 Aesch.
478 2304 498 2345 a
519 2286 603 2366 part.
627 2282 717 2348 chori
740 2286 823 2348 cant
847 2306 877 2367 p.
892 2280 1042 2369 Alsqq.)‚
1065 2287 1133 2348 tam
1157 2283 1216 2347 illa
1238 2282 1285 2348 in·

141 2392 318 2474 concinna,
352 2394 388 2454 ut
419 2389 502 2455 nihil
535 2412 640 2475 supra.
687 2390 810 2456 Contra
842 2390 1043 2476 singularum
1075 2412 1286 2476 personarum

139 2499 224 2564 ullas
253 2502 362 2583 partes
391 2518 460 2560 esse
490 2516 613 2581 negans
636 2496 834 2562 Klausenius
862 2500 971 2562 toturn
998 2519 1127 2563 carmen
1151 2496 1288 2583 integris

140 2605 301 2689 disposuit
325 2600 467 2685 strophis
496 2608 530 2667 et
558 2601 773 2687 antistrophis
800 2603 835 2668 in
859 2603 947 2668 Diar.
972 2602 1125 2668 scholast
1149 2625 1177 2668 a
1203 2604 1288 2669 1830

138 2736 169 2798 p.
195 2712 375 2795 1171sqq.,
404 2708 486 2774 unde
516 2711 641 2794 aliquot
669 2710 846 2795 scripturas
869 2710 903 2774 in
926 2711 1127 2795 propositam
1151 2735 1171 2776 a
1193 2712 1287 2777 nobis

139 2818 230 2884 chori
258 2816 396 2901 speciem
425 2816 608 2882 ascivimus.
655 2815 773 2882 Mirum
803 2821 854 2881 est
880 2820 988 2882 autem
1018 2821 1185 2902 tamquam
1216 2841 1288 2884 con·

138 2925 314 2991 trarimum
342 2924 414 2988 loeo
443 2924 484 2989 ab
513 2923 663 2989 omnibus
692 2923 804 3000 haberi
837 2927 1011 2989 metrorum
1042 2925 1287 3008 responsionem

140 3040 173 3100 91
194 3032 420 3099 recitationem
445 3031 640 3119 singillatim
664 3032 799 3116 factam3
826 3031 964 3116 insignis
993 3031 1080 3096 enim
1109 3054 1162 3096 ars
1191 3053 1285 3115 quae·

139 3141 212 3206 dam
242 3142 411 3223 poetarum
439 3139 473 3202 in
501 3160 539 3202 eo
568 3137 780 3222 conspicitur,
810 3142 847 3202 ut
875 3136 974 3202 etiarn
999 3158 1081 3222 quae
1107 3160 1126 3201 a
1150 3136 1287 3223 singulis

139 3245 286 3331 personis
306 3245 521 3311 recitarentur
535 3245 723 3329 particulae,
739 3266 946 3310 numerorum
961 3242 1181 3309 concinnitate
1196 3265 1287 3309 exae-

141 3356 327 3439 quarentur.
372 3351 462 3428 Quae
491 3373 545 3415 ars
574 3350 602 3415 si
630 3351 663 3415 in
691 3349 753 3416 hoc
781 3350 889 3435 ipsum
917 3373 1046 3416 carmen
1079 3349 1179 3434 cedit,
1211 3351 1288 3416 licet

143 3460 205 3526 hoc
227 3461 277 3525 ita
300 3459 348 3523 uti
369 3458 506 3522 fecimus
536 3456 729 3542 significare,
751 3460 789 3522 ut
812 3457 944 3523 Graecis
967 3456 1086 3521 litteris
1109 3460 1287 3521 metrorum

139 3566 368 3654 congruentia,
396 3563 539 3630 numeris
567 3566 675 3628 autem
704 3567 837 3628 notetur
865 3562 944 3628 ordo
972 3584 1194 3645 personarum.
1239 3563 1288 3628 Ac

140 3673 246 3738 multo
278 3675 364 3737 certe
392 3670 498 3734 minus
527 3668 753 3754 dubitationis,
786 3691 883 3753 quam
912 3668 1119 3753 stropharum
1148 3670 1189 3734 ab
1217 3673 1287 3734 toto

140 3777 240 3844 choro
259 3780 472 3855 cantaturum,
492 3776 711 3845 membrorum
731 3776 863 3840 illorum
883 3775 1098 3860 singularium
1116 3775 1286 3860 responsio

140 3884 250 3951 habet.
296 3882 388 3960 Quod
417 3881 547 3968 quidem
575 3904 648 3948 cum
675 3883 714 3948 de
743 3906 771 3948 v.
798 3882 971 3947 135-149
1001 3881 1042 3946 ab
1071 3903 1287 3966 unoquoque

140 3990 235 4056 facila
259 3989 452 4056 concedatur
475 3989 564 4077 (quis
588 3990 675 4055 enim
698 3991 920 4074 importunum
950 3987 1029 4052 illud
1057 3988 1185 4067 Ἄρτεμι
1208 3988 1288 4068 φίλα

142 4097 194 4162 val
218 4096 328 4162 ἓέἓέ
351 4098 435 4164 99110
462 4099 592 4163 tueatur
620 4097 747 4161 intrusa
776 4096 810 4160 in
834 4094 975 4180 vulgatis
999 4094 1091 4159 libris
1115 4118 1143 4158 v.
1169 4094 1232 4158 135
1256 4099 1289 4158 91

147 4203 262 4288 1391),
290 4207 399 4269 tamen
428 4204 595 4289 aliquanto
620 4203 727 4269 minus
750 4201 990 4286 probabilitatis
1015 4198 1135 4265 habere
1159 4201 1193 4265 in
1217 4201 1287 4286 ipso

142 4311 298 4378 carminis
322 4312 416 4378 initio
441 4310 541 4377 videri
564 4312 678 4396 possit.
715 4309 837 4375 Verum
860 4307 944 4373 hane
968 4327 1028 4393 ego
1050 4311 1188 4391 partem,
1210 4330 1286 4392 quo·

144 4419 380 4505 modocumque
410 4419 450 4485 de
482 4418 637 4484 carminis
667 4417 811 4482 universi
841 4414 1052 4500 dispositione
1084 4413 1288 4519 iudicabitur,
