2940 5004
252 341 318 406 482
542 353 801 407 Pnonneoness
825 356 872 404 on
895 355 1106 407 nsrrouravs

253 524 407 588 generum
425 507 540 580 neutro
561 503 731 568 fluctuabit
749 503 912 586 iudicium,
935 508 969 567 at
987 501 1025 568 de
1043 503 1160 569 horum
1179 501 1402 587 multitudine,

254 633 335 695 quae
365 614 441 675 sunt
464 610 570 675 media
592 632 650 676 nec
673 615 730 675 aut
752 633 887 697 gravem
910 611 1125 676 intentionem
1147 611 1319 695 postulant
1342 615 1403 674 aut

254 718 378 782 nullam
402 717 589 801 admittunt,
613 740 708 802 saepe
731 741 797 783 non
820 741 992 801 possumus
1016 741 1083 782 non
1101 717 1310 782 vehementer
1333 740 1403 781 am·

256 825 365 909 bigere
392 827 501 888 utrum
533 825 700 889 intendere
729 847 770 888 an
798 847 865 904 non
893 826 1061 889 intendere
1089 825 1179 909 ipsos
1207 830 1323 908 poetas
1348 825 1402 889 vel

256 933 395 996 voluisse
418 932 470 996 vel
493 932 637 1018 potuisse
661 932 813 997 dicamus.
858 933 904 997 Et
926 937 1035 996 tamen
1058 933 1095 1015 si,
1119 954 1216 1017 quarn
1239 933 1288 996 illi
1312 932 1402 997 viam

254 1040 426 1122 tenuerint,
449 1039 597 1103 volumus
616 1039 797 1123 generatim
817 1039 960 1122 definire,
979 1039 1092 1124 fugere
1109 1041 1271 1103 neminem
1291 1043 1403 1123 potest

156 1168 238 1208 ocnn
253 1146 286 1210 id
310 1168 364 1209 eos
389 1145 560 1229 studuisse,
582 1150 618 1210 ut
642 1151 828 1230 quantum
852 1151 1015 1230 possent
1038 1151 1128 1211 extra
1152 1147 1250 1210 arsim
1270 1146 1400 1209 nullum

254 1253 385 1316 omnino
409 1254 604 1318 vocabulum
627 1254 832 1337 collocarent,
856 1253 951 1318 modo
975 1252 1008 1317 id
1031 1253 1139 1337 aliqua
1163 1253 1195 1317 vi
1214 1253 1399 1337 praeditum

255 1364 341 1424 esset
364 1360 571 1444 quantumvis
595 1382 634 1423 ea
657 1361 782 1445 exigua,
805 1360 861 1424 sed
886 1365 921 1424 ut
939 1382 1146 1424 numerorum
1165 1360 1400 1443 verborumque

255 1465 384 1531 ordines
408 1467 544 1532 mirifico
568 1467 704 1531 artifieio
728 1471 927 1551 temperatos
951 1472 1175 1551 exaequarent.
1206 1465 1305 1531 Velut
1327 1487 1400 1548 per-

254 1596 346 1637 curre
375 1574 419 1637 sis
448 1575 482 1637 in
510 1573 543 1637 id
572 1574 716 1637 intentus
745 1575 941 1658 principium
969 1573 1164 1639 Trinummi:
1202 1594 1280 1637 suos
1312 1573 1396 1636 ictus

255 1681 404 1745 metricos
434 1681 571 1764 singulis
600 1681 667 1745 fere
696 1682 829 1745 vocibus
853 1702 923 1745 esse
946 1681 1104 1770 invenies,
1136 1681 1397 1764 paucitatemque

255 1787 415 1851 mirabere
438 1808 562 1871 earum,
595 1809 676 1872 quae
700 1810 773 1851 cum
795 1788 830 1850 in
853 1788 937 1852 thesi
962 1788 1093 1870 cubent,
1116 1788 1206 1858 nulla
1230 1787 1280 1851 sui
1303 1789 1398 1870 parte

254 1894 354 1958 arsim
383 1899 548 1978 occupent.
599 1893 684 1958 Nam
713 1894 811 1958 arsim
839 1893 925 1977 quod
952 1915 1018 1957 non
1046 1915 1173 1977 semper
1201 1916 1239 1957 ea
1268 1892 1399 1976 syllaba

255 2005 400 2084 occupat,
424 2023 506 2084 quae
530 2000 776 2084 grammaticum
801 2004 970 2064 accentum
994 2000 1101 2083 habet,
1124 2001 1157 2064 id
1181 1999 1262 2064 nihil
1287 1999 1328 2063 ad
1352 2000 1399 2063 lo·

255 2107 361 2191 gicnm
385 2107 539 2191 pertinet:
571 2108 621 2171 cui
646 2107 775 2192 quidem
798 2128 863 2171 non
887 2108 996 2170 minus
1021 2109 1141 2172 satisfit
1165 2109 1192 2171 si
1217 2107 1308 2171 velut
1331 2107 1399 2170 vim

255 2215 434 2279 sententiae
457 2214 580 2277 habens
607 2215 696 2277 calleo
719 2214 769 2277 vel
793 2235 921 2295 aequm
943 2235 1152 2277 numerorum
1175 2219 1312 2278 accentu
1336 2236 1400 2278 non

255 2319 316 2383 boe
339 2320 532 2403 intenditur,
555 2322 656 2397 uideo,
679 2321 820 2401 aequora
844 2321 899 2384 sed
922 2322 984 2385 hoe
1006 2323 1115 2406 potius
1139 2323 1239 2400 uedeo,
1263 2322 1400 2403 aequom.

254 2423 330 2489 Non
358 2425 419 2490 hoc
448 2427 567 2510 dicam,
599 2426 681 2490 nihil
711 2449 845 2511 prorsus
873 2428 1030 2492 interesse
1053 2429 1094 2492 ad
1118 2429 1183 2493 vim
1208 2430 1400 2510 sententiae,

255 2538 362 2597 utrum
387 2535 418 2598 in
444 2556 515 2598 eam
540 2533 715 2616 syllabam,
739 2556 835 2618 qnam
859 2536 1056 2600 consuetudo
1079 2536 1209 2621 linguae
1233 2536 1335 2620 acuit,
1358 2557 1399 2598 an

254 2641 383 2705 ineam
407 2663 488 2726 quae
512 2642 726 2726 grammatico
751 2646 884 2706 accentu
908 2645 1010 2727 caret,
1038 2644 1121 2708 ictus
1144 2643 1298 2708 metricus
1321 2644 1400 2707 inci·

254 2748 322 2811 dat:
346 2749 519 2812 concedam
543 2748 694 2831 copulato
718 2749 933 2831 grammatico
957 2771 1029 2813 cum
1054 2749 1240 2833 rhythmico
1265 2755 1400 2814 accentu

255 2857 398 2920 omnium
418 2856 634 2919 fortissimum
654 2860 821 2919 accentum
841 2856 981 2940 logicum
1001 2857 1144 2940 prodire:
1169 2877 1252 2941 nego
1271 2857 1399 2921 nullum

256 2963 306 3027 vel
330 2963 444 3026 exilem
470 2963 538 3027 solo
562 2960 744 3044 rhythmico
769 2963 861 3026 effici.
893 2962 986 3039 Quod
1008 2965 1073 3028 nisi
1092 2965 1140 3029 ita
1158 2968 1252 3049 esset,
1274 2965 1397 3029 nullius

255 3093 408 3154 umquam
437 3073 598 3154 oxytonae
625 3071 714 3135 vocis
744 3067 904 3153 (qualium
932 3073 1059 3133 tantam
1088 3092 1158 3135 esse
1186 3072 1220 3134 in
1251 3072 1399 3136 versibus

255 3178 467 3261 frequentiam
498 3177 650 3261 vidimus)
678 3178 809 3263 gravius
838 3178 943 3240 efferri
972 3178 1062 3241 notio
1092 3178 1260 3260 potuisset.
1310 3177 1399 3263 Ergo

254 3284 316 3346 etsi
335 3285 446 3367 paullo
466 3306 544 3348 sane
564 3284 750 3348 distinctius
770 3284 882 3348 extolli
896 3286 1038 3348 aeterum
1055 3286 1223 3349 notionem
1243 3285 1399 3349 sentimus

254 3391 315 3454 hac
345 3392 558 3456 collocatione
585 3394 758 3456 verborum
781 3391 867 3455 Trin.
892 3392 970 3454 310:
1009 3392 1057 3454 Tu
1080 3391 1222 3455 detinerem
1243 3393 1273 3457 si
1294 3393 1399 3456 emisti

249 3497 411 3585 potius*),
443 3522 541 3583 quam
565 3501 626 3564 hac
652 3501 700 3562 Τά
722 3501 751 3563 si
772 3500 914 3562 antonine
937 3500 1040 3561 uicisti
1056 3501 1175 3580 potius,
1207 3503 1317 3562 tamen
1341 3519 1400 3561 nec

344 3765 369 3832 *)
392 3764 453 3818 Hoc
476 3764 499 3817 si
525 3763 710 3833 elegantiores
734 3762 843 3817 scilicet
865 3763 946 3818 scioli
964 3762 1079 3834 quidam
1098 3766 1247 3834 propterea
1265 3780 1326 3818 esse
1345 3763 1397 3819 tor·

254 3853 321 3923 tinav
333 3853 370 3905 ud
393 3852 560 3908 sententiam
585 3869 668 3920 qnam
692 3855 815 3907 animum
833 3852 947 3921 docent,
970 3854 1045 3923 quod
1064 3852 1092 3907 in
1111 3856 1234 3907 animum
1253 3856 1397 3907 accentum

254 3942 334 3997 radix
353 3941 430 3997 vocis
449 3941 575 4011 recipiat,
594 3941 623 3995 in
642 3959 698 4012 qua
715 3941 777 4012 ipsa
795 3941 917 3996 notionis
936 3941 1104 4011 significatio
1124 3942 1271 4010 connatat,
1290 3942 1320 3995 in
1339 3943 1398 3995 aei·

254 4035 328 4086 mum
347 4034 442 4087 autem
461 4030 619 4086 adventicia
637 4048 702 4100 pars
721 4032 810 4100 vocis,
829 4048 900 4101 quae
920 4034 964 4086 est
981 4031 1155 4101 terminatio,
1175 4033 1304 4085 acuatur:
1328 4030 1399 4084 nihil

254 4119 309 4174 nisi
332 4119 523 4189 ignorantiam
546 4120 669 4189 produnt
692 4137 785 4189 anam,
812 4120 1020 4175 communicata
1043 4137 1105 4175 cnm
1129 4137 1231 4190 graeca
1256 4119 1400 4188 latinaque

254 4208 354 4278 lingua
376 4209 542 4264 vernaculae
561 4208 675 4278 linguae
693 4209 815 4278 ratione,
844 4226 915 4278 quae
934 4211 970 4264 ab
989 4210 1047 4263 illis
1066 4213 1109 4264 est
1127 4208 1307 4264 alienissime.
1348 4207 1400 4273 Qui

255 4313 310 4364 quo
329 4297 443 4352 tandem
463 4297 583 4353 artificio
602 4299 732 4353 ellectum
751 4315 811 4353 esse
830 4298 940 4367 dicant,
965 4302 996 4353 ut
1019 4299 1077 4353 ullo
1101 4299 1129 4353 in
1149 4300 1211 4354 loco
1229 4299 1331 4353 talium
1351 4315 1399 4352 no-

254 4385 361 4439 tionum
385 4386 494 4440 radices
517 4390 695 4455 acuerentur,
719 4388 816 4454 quales
839 4392 904 4442 sunt
923 4390 1054 4457 perducit,
1076 4390 1225 4442 bonoribus
1248 4404 1312 4442 uum
1338 4387 1401 4442 aliis

255 4474 398 4528 centenis?
