2910 5010
249 321 314 385 700
480 336 709 385 nnrmsrscns
733 323 946 400 aasentias.
968 336 1171 401 annasssx,

248 480 413 566 Magnifici
437 480 580 564 creandi,
604 481 685 545 scire
710 502 767 544 vos
791 480 939 544 volamus
962 480 1132 545 communi
1157 481 1330 544 sentenh'a
1352 479 1398 544 Se

247 594 360 652 natum
394 587 693 672 amplissimumque
726 586 909 672 Collegium
940 586 1177 651 professorum
1211 586 1398 668 decrevisse,

248 695 295 759 uti
313 695 325 778 Ι
341 693 409 758 Rex
433 699 544 759 noster
559 694 820 779 Augustissimus
839 693 937 758 Pater
954 693 1082 778 patriae
1098 691 1384 758 Clementissimus

248 800 437 866 Aaaaanvs
455 801 466 883 l
484 801 552 885 qui,
584 805 737 886 paternae
770 802 900 866 virtutis
933 801 1025 865 heres
1059 805 1093 865 et
1127 802 1299 884 aemulus,
1333 824 1397 865 cum

248 908 322 973 aliis
356 907 559 974 documentis
592 930 788 992 propensam
821 910 855 973 in
887 908 1102 973 humanitatis
1138 909 1396 993 optimatumque

249 1014 368 1079 artium
392 1015 500 1079 studia
523 1014 724 1079 voluntatem
744 1016 925 1080 luculenter
941 1015 1184 1099 comprobavit,
1207 1020 1283 1080 tum
1301 1018 1395 1100 ipsam

248 1122 334 1188 hanc
361 1122 544 1187 litterarum
572 1123 817 1188 universitatem
846 1144 997 1206 praesens
1019 1143 1126 1206 nuper
1150 1124 1335 1208 insigniore
1356 1126 1395 1187 fa·

249 1251 324 1294 vore
348 1230 515 1314 amplexus
538 1233 597 1310 est,
620 1230 770 1311 precibus
793 1231 915 1295 nostris
934 1230 1240 1295 observantissimis
1262 1232 1395 1294 adiretur

249 1342 346 1421 atque
379 1335 418 1400 ad
436 1335 447 1419 ΙΙ
465 1333 612 1399 Rectoris
640 1333 870 1399 Vniversitatis
905 1335 1231 1420 Magnificentissimi
1253 1338 1266 1420 Ι
1288 1359 1394 1401 munus

247 1447 440 1528 perpetuum
463 1442 474 1525 l
496 1441 676 1506 liberaliter
705 1443 739 1506 in
770 1440 886 1507 Saxas
919 1442 1164 1525 suscipiendum
1197 1444 1394 1508 invitaretur.

248 1549 288 1614 Ei
319 1549 421 1633 igitur
451 1547 610 1614 desiderio
640 1570 705 1613 non
737 1550 806 1615 siue
836 1550 995 1636 singulari
1025 1550 1200 1634 voluptate
1233 1552 1393 1637 accipietis

248 1657 416 1741 dignatum
458 1677 528 1720 esse
571 1654 882 1722 sssssosssmvn
928 1657 1129 1740 eundemque
1178 1656 1393 1724 Osmssinsr

247 1763 442 1827 Paixcrran
465 1762 664 1848 perbenigne
689 1762 908 1827 obsecundare
931 1762 1144 1846 inclitamque
1160 1761 1332 1829 Musarum
1353 1788 1392 1828 se

247 1870 320 1934 dem
348 1874 494 1935 nostram
522 1869 624 1933 ferme
652 1874 765 1934 exacto
795 1870 935 1954 quinque
963 1869 1170 1934 saeculorum
1193 1893 1295 1936 cursu
1316 1894 1392 1936 noso

248 1977 310 2042 hoc
334 1998 435 2061 eoque
459 1976 626 2059 praeclaro
650 1976 830 2040 ethonore
854 1978 888 2039 et
906 1975 1078 2061 splendore
1098 1997 1223 2061 augere
1244 1979 1392 2048 adornare
1423 2063 1425 2069 s

248 2084 473 2149 condecorare.

337 2189 432 2266 Quod
450 2187 539 2254 Deus
558 2189 708 2273 Optimus
728 2188 889 2252 Maximus
913 2190 995 2254 bene
1014 2194 1122 2254 vertat
1140 2191 1152 2273 ΙΙ
1171 2197 1205 2256 et
1230 2192 1310 2258 felix
1332 2193 1391 2257 fau·

249 2302 334 2362 stum
359 2296 624 2380 fortunatumque
649 2318 718 2361 esse
742 2296 861 2360 iubeat.

337 2401 457 2468 Datum
478 2402 609 2487 Lipsiae
629 2403 680 2468 die
695 2402 816 2468 XVlll.
837 2402 958 2468 mensis
976 2403 1062 2468 lunii
1083 2405 1162 2469 anni
1177 2424 1391 2473 nncccaxxv.

715 2675 926 2683 -μ--η-

806 2887 834 2935 Ο.

271 3011 712 3077 Gratulationsadrssse
741 3014 808 3077 der
835 3012 987 3078 Bonner
1014 3011 1267 3078 Universitdt
1295 3036 1369 3078 zum

248 3119 498 3204 300jshrigen
522 3119 543 3184 J
551 3120 723 3214 ubilitum
751 3120 817 3185 der
840 3119 1048 3184 Albertina
1071 3118 1110 3183 in
1135 3118 1388 3206 K‘dnigsberg.

337 3261 520 3327 Prorectori
548 3261 722 3348 Magnifico
751 3267 784 3328 et
806 3262 930 3327 Illustri
954 3259 1088 3326 Senatui
1111 3260 1120 3345 ἱΙ
1144 3261 1296 3328 Inclutae
1319 3261 1387 3326 Vui-

249 3368 413 3433 versitatis
442 3368 631 3433 Albertinae
658 3366 668 3456 ll
696 3367 726 3434 S.
750 3368 784 3435 Ρ.
808 3369 846 3434 Ι).
875 3368 883 3453 ll
910 3369 1031 3435 {tector
1059 3375 1092 3433 et
1120 3366 1264 3436 Senatus
1288 3371 1296 3457 l
1319 3368 1387 3433 Vni·

247 3476 411 3540 versitatis
435 3475 628 3542 l'ridericiae
652 3476 847 3542 Guilelmiae
869 3477 1055 3542 Rhenanae.

336 3581 399 3647 Vix
427 3583 521 3649 nobis
551 3583 721 3667 quicquam
751 3583 893 3649 accidere
922 3584 973 3647 vel
1003 3582 1192 3667 exoptatius
1222 3584 1274 3648 vel
1297 3584 1390 3649 hono·

247 3690 426 3754 rificentius
454 3690 575 3775 potuit,
607 3712 703 3774 <luam
729 3691 812 3775 quod
836 3713 896 3755 nos
919 3691 1096 3774 participes
1120 3712 1192 3754 esse
1217 3691 1288 3755 eius
1311 3690 1390 3754 laeti·

248 3796 312 3860 tiae
343 3796 479 3861 Vestrae
514 3797 678 3877 voluistis,
711 3819 808 3880 quam
842 3819 916 3862 rara
948 3802 981 3862 et
1013 3798 1144 3861 virtutis
1178 3799 1391 3882 perpetuitate

247 3907 374 3987 partam
407 3907 440 3967 et
472 3903 612 3967 numinis
641 3903 743 3967 divini
772 3903 879 3988 gratia
909 3925 1096 3968 concessam
1127 3926 1165 3968 ex
1197 3906 1301 3971 animi
1328 3927 1390 3968 seu·

247 4011 351 4074 tentis
382 4011 485 4075 Vobis
516 4012 787 4095 congratulamur.
833 4008 919 4074 Nam
952 4033 1042 4093 cum,
1075 4011 1193 4094 quibus
1227 4012 1388 4078 hominum

248 4119 313 4182 vita
328 4140 400 4182 cum
420 4117 513 4181 laude
529 4122 692 4182 transacta
710 4118 911 4200 honestatur,
935 4139 973 4181 ea
992 4118 1163 4182 sollemnia
1181 4141 1250 4183 non
1271 4122 1391 4204 possint

248 4248 312 4288 non
346 4245 419 4289 cum
452 4223 601 4288 subtristi
634 4224 831 4307 cogitatione
865 4223 1105 4288 imbecillitatis
1137 4225 1391 4310 fragilitatisque

248 4330 407 4396 humanae
439 4332 563 4396 sociata
598 4353 681 4396 esse:
717 4335 751 4394 at
781 4330 874 4414 haec,
907 4352 988 4414 quae
1018 4330 1084 4393 iam
1115 4333 1147 4392 et
1176 4329 1283 4397 Vobis
1313 4337 1346 4397 et
1376 4356 1393 4395 a

248 4437 350 4504 Vobis
375 4437 552 4504 saecularia
576 4437 746 4503 sollemnia
763 4442 930 4523 parantur,
953 4459 1017 4503 non
1041 4437 1269 4503 infirmitatem
1293 4462 1393 4504 rerum
