2910 5010
252 334 315 397 710
477 346 708 394 tiranuscua
733 332 953 411 inscanter,
977 342 1180 408 annessae,

250 492 383 556 numina
406 495 502 574 atque
527 512 618 554 sacra
641 494 806 572 tamqnam
826 489 867 552 ab
887 488 995 571 aliquo
1015 490 1222 570 mystagogo
1243 487 1398 569 explicata

250 603 283 663 et
298 599 386 663 velut
406 599 440 661 in
455 596 627 682 propatulo
646 597 766 679 posite:
816 593 1049 680 praedicabunt
1064 615 1178 657 reram
1199 594 1396 678 solidamque

252 704 456 790 antiquitatis
481 705 582 768 totius
606 703 781 787 imaginem
801 705 837 766 ut
857 701 974 766 indolis
993 700 1192 766 excellentia
1214 701 1264 764 ila
1284 700 1395 765 laboris

251 813 465 897 perpetuitate
489 814 522 875 et
545 813 651 874 mente
676 834 695 873 a
713 808 763 872 Tu
787 808 994 873 informatam
1018 811 1052 871 et
1076 808 1252 872 duraturis
1278 808 1393 872 littera·

253 943 324 984 rum
347 918 566 983 monumentis
589 916 737 1000 plurimis
762 915 996 999 consignatam,
1020 913 1097 980 hinc
1118 921 1235 980 autem
1256 915 1394 999 progeni-

251 1031 320 1089 tam
339 1023 539 1110 philologiae
559 1026 656 1108 atque
676 1021 921 1107 archaeologiae
940 1023 1186 1088 consortionem
1206 1022 1301 1086 illam
1320 1021 1393 1084 fruc·

251 1132 481 1213 tuosissimam,
505 1131 595 1194 cuius
615 1129 848 1214 perplurimos
872 1150 972 1194 annos
995 1129 1129 1193 unicum
1149 1130 1320 1213 exemplar
1338 1129 1394 1192 eni·

252 1241 359 1304 tuisti:
428 1237 661 1322 praedicabunt
685 1237 800 1300 talium
825 1236 1003 1300 studiorum
1023 1236 1223 1300 salubritate
1244 1236 1393 1300 imbutam

252 1346 484 1430 discipulorum
512 1343 741 1428 frequentiam,
774 1341 850 1407 Tvo
879 1342 1026 1425 exemplo
1056 1341 1329 1425 splendidissimo
1351 1344 1393 1405 rel

252 1454 379 1517 litteras
413 1450 597 1514 ornantium
631 1450 681 1513 vel
713 1448 913 1512 iuventutem
946 1447 1129 1512 liberaliter
1160 1448 1393 1512 instituentium

254 1560 302 1623 vel
322 1559 463 1641 aliquam
483 1562 611 1641 partem
630 1554 780 1640 publicae
800 1554 914 1619 salutis
933 1561 1063 1617 strenue
1077 1555 1257 1619 tuentium.
1282 1554 1392 1619 Venrm

253 1670 304 1731 tot
327 1671 481 1748 tantaque
506 1663 661 1727 beneficia
684 1662 768 1746 quod
789 1661 921 1726 voluisti
940 1660 980 1724 ad
998 1660 1083 1725 hanc
1102 1661 1318 1744 potissimum
1335 1663 1394 1726 uni·

255 1774 443 1837 versitatem
464 1769 489 1834 F
492 1770 673 1834 ridericiam
689 1768 898 1833 Guilelmiam
917 1766 1109 1831 Rhenanam
1134 1769 1329 1852 redundare,
1350 1769 1394 1833 cui

254 1903 310 1965 per
339 1878 566 1960 longissimum
595 1877 679 1940 vitae
709 1875 851 1958 spatium
880 1875 987 1939 decori
1015 1878 1048 1938 et
1076 1874 1196 1939 honori
1227 1876 1262 1940 in
1289 1877 1393 1959 primis

254 1986 359 2067 fuisti,
382 1984 414 2048 id
439 2004 514 2047 vero
538 1983 641 2046 nostri
665 2003 735 2045 esse
759 1980 857 2046 officii
880 1980 1100 2064 intellegimus
1124 1985 1222 2046 tanta
1247 1987 1394 2066 quantam

255 2112 390 2175 eumque
414 2094 547 2174 pectora
566 2094 679 2152 nostra
698 2088 831 2172 capiunt
849 2086 1054 2150 observantia
1073 2090 1174 2170 atque
1193 2089 1394 2153 veneratione

255 2197 417 2283 prosequi.
469 2195 530 2273 Qui
559 2217 631 2259 cum
660 2195 904 2259 contentionum
933 2194 1062 2257 illarum
1092 2192 1394 2260 honestissimarum

255 2305 380 2368 fructus
410 2303 589 2367 uberrimos
617 2325 655 2366 ex
685 2303 792 2365 animo
817 2300 892 2366 Tun
916 2300 1128 2385 gratulamur,
1153 2302 1255 2366 etiam
1281 2302 1394 2386 impen-

256 2412 323 2475 sius
356 2410 519 2474 nobismet
552 2410 631 2493 ipsis
665 2431 735 2473 esse
768 2409 997 2493 gratulandum
1027 2409 1202 2491 sentimus,
1237 2431 1318 2493 quos
1344 2431 1395 2492 per

257 2526 330 2584 octo
355 2518 531 2582 lustrorum
556 2516 789 2581 faustissimam
813 2515 1061 2580 continuitatem
1086 2516 1282 2599 multiplicis
1306 2517 1395 2580 virtu·

257 2627 299 2690 tis
323 2625 431 2708 gratia
450 2645 487 2687 ac
506 2623 706 2707 praestantia.
724 2621 958 2685 incredibiliter
978 2621 1185 2686 demerueris.
1217 2621 1306 2687 Nam
1328 2645 1393 2686 con·

258 2734 331 2816 lega
358 2731 454 2795 nobis
477 2751 653 2813 numquam
677 2750 743 2792 non
767 2727 876 2791 suavis
899 2732 933 2791 et
956 2726 1063 2809 fortis,
1097 2733 1232 2793 sanctus
1257 2737 1290 2793 et
1313 2728 1393 2793 infel-

257 2841 382 2924 legens,
414 2859 479 2900 non
512 2835 752 2920 philologorum
786 2838 916 2899 tantum
950 2834 1065 2898 studiis
1099 2840 1216 2899 auctor
1248 2835 1393 2900 exstitisti

258 2946 483 3031 gravissimus,
511 2943 567 3006 sed
595 2943 782 3027 disciplinas
812 2942 979 3006 universas
1003 2941 1148 3006 consiliis
1173 2949 1206 3006 et
1231 2943 1393 3027 sapientis·

258 3052 348 3116 simis
372 3057 406 3114 et
429 3051 661 3114 sollertissimis
685 3055 718 3112 et
736 3048 1050 3113 benevolentissimis
1069 3049 1239 3133 amplexus
1259 3051 1393 3114 omnium

258 3159 473 3222 instrumenta
496 3157 620 3240 parasti
648 3155 830 3219 lautissima
854 3155 1047 3239 publicoque
1070 3157 1143 3219 usui
1167 3156 1393 3241 opportunissi-

258 3285 310 3328 me
333 3264 493 3347 patentia:
523 3285 580 3328 nec
605 3263 670 3326 ullo
695 3262 789 3327 modo
814 3262 989 3326 substitisti
1012 3263 1045 3325 in
1064 3263 1186 3326 litteris
1205 3262 1392 3327 litterarum-

259 3393 320 3454 que
344 3371 458 3434 studiis
483 3370 636 3453 augendis
659 3369 887 3453 promovendis
911 3368 1130 3450 sublevandis,
1161 3369 1216 3433 sed
1247 3369 1330 3433 idem
1352 3367 1391 3449 ip-

260 3478 326 3541 sius
358 3477 579 3540 universitatis
615 3476 753 3539 salutem
785 3475 975 3559 dignitatem
1007 3475 1237 3540 auctoritatem
1271 3477 1391 3557 eiusque

259 3585 348 3669 leges
376 3607 413 3647 ac
438 3585 508 3647 iura
532 3604 590 3665 pro
615 3582 698 3645 virili
722 3586 814 3665 parte
839 3583 1028 3646 sustentasti
1053 3580 1305 3667 vindicastique:
1340 3601 1390 3644 nee

260 3689 476 3756 academicam
496 3691 625 3751 tantum
644 3710 712 3751 rem
731 3688 895 3771 publicam
915 3687 986 3751 sinu
1004 3687 1125 3770 fovisti,
1145 3688 1202 3752 sed
1223 3686 1390 3753 communis

259 3796 386 3880 patriae
410 3794 523 3858 florem
552 3798 585 3858 et
608 3815 687 3859 sana
711 3794 864 3858 libertate
888 3793 1069 3857 stabilitam
1094 3794 1235 3878 gloriam
1259 3800 1325 3860 tam
1347 3814 1389 3856 uo

259 3904 303 3967 tis
327 3901 457 3967 coluisti
481 3899 715 3964 ardentissimis
740 3922 834 3984 qnam
859 3898 1021 3964 constanti
1046 3903 1079 3963 et
1101 3900 1321 3982 potentiorum
1342 3920 1389 3960 nu-

261 4010 346 4074 mine
370 4029 435 4071 non
458 4005 648 4090 perturbato
672 4006 779 4070 animo
804 4006 889 4070 alere
913 4009 1009 4090 atque
1033 4005 1217 4089 defendere,
1246 4010 1387 4091 qnantum

261 4117 294 4180 in
318 4115 368 4179 ΤΕ
393 4117 476 4195 erat,
498 4135 674 4197 numquam
698 4112 902 4177 dubitavisti:
930 4112 1069 4196 denique
1086 4103 1244 4176 ¹candoris
1269 4118 1301 4177 et
1321 4113 1387 4176 inte

261 4222 400 4307 gritatis,
424 4221 497 4284 fidei
521 4241 558 4283 ac
582 4220 751 4304 religionis
775 4241 932 4302 veraeque
956 4220 989 4282 in
1013 4219 1127 4302 quovis
1150 4241 1269 4303 genere
1292 4220 1388 4283 huma·

262 4329 373 4393 nitatis
389 4327 573 4412 exemplum
592 4327 677 4410 qnod
697 4327 934 4391 aemularemur
953 4326 1080 4390 edidisti
1100 4326 1388 4390 lucidentissimun.

262 4435 342 4497 Tam
367 4434 467 4518 igitur
490 4455 599 4496 carum
628 4438 661 4495 et
684 4433 777 4497 nobis
802 4437 835 4496 et
857 4433 983 4516 patriae
1007 4436 1104 4516 eaput
1128 4432 1177 4495 uti
1201 4432 1289 4497 Deus
1311 4427 1388 4512 Opti·
