2910 5010
563 397 716 445 anenno.
1150 383 1212 449 ‘157

67 542 101 603 et
128 539 314 603 carissimus
343 539 515 605 Annrnvs
547 540 729 607 Bsavruvs
762 544 873 606 uester
904 542 1214 627 pervestigabamus,

67 644 184 711 defessi
213 649 320 710 autem
349 647 495 730 quamvis
523 646 688 712 fructuoso
720 647 885 711 scrutandi
908 649 1054 733 negotio,
1082 649 1214 733 refrige-

70 752 163 817 randi
187 751 414 836 recreandique
438 775 552 818 caussa
576 754 671 838 cippo
695 751 766 818 Sex.
784 755 879 819 Atilii
899 752 1013 819 Serani
1037 755 1213 821 insidentes

66 862 153 926 inter
170 864 283 945 potum
303 859 512 924 festivissime
531 860 835 927 confabulabamur:
859 861 1026 927 recordare
1041 860 1214 928 Mantuani

66 967 1213 1054 poetaeearumquemachinarum,quassatiusfueritsilentiopremere:

68 1076 238 1141 recordare
265 1075 435 1141 domestici
462 1075 565 1158 illius,
593 1098 656 1160 quo
686 1098 745 1141 nos
773 1098 840 1141 non
862 1077 1008 1142 uolentes
1032 1077 1214 1161 coercebas,

66 1182 219 1266 carceris,
242 1182 453 1266 amplissimis
477 1182 604 1266 quidem
630 1183 788 1248 librorum
812 1184 914 1267 copiis
934 1184 1072 1266 stipatos
1095 1184 1212 1267 quibus

66 1289 230 1355 luculenta
257 1307 330 1352 vrnl
353 1288 553 1354 bibliotheca
582 1290 699 1372 affluit,
728 1313 766 1354 ex
793 1291 872 1355 urbe
896 1294 1004 1355 autem
1028 1289 1212 1355 discedendi

65 1397 218 1461 libertate
241 1396 291 1460 vel
315 1396 445 1479 publica
467 1397 660 1480 interposita
684 1397 877 1462 auctoritate
901 1394 1087 1482 privatos.*)
1125 1459 1129 1463 .

155 1502 218 1567 Pro
249 1505 301 1567 tot
327 1503 492 1587 tantisque
520 1522 599 1570 rvvs
622 1504 661 1569 de
689 1528 740 1569 me
769 1505 893 1570 meritis
922 1505 982 1570 etsi
1013 1504 1120 1587 gratia
1143 1526 1209 1567 um·
1225 1524 1259 1564 1v

65 1631 162 1694 quam
195 1609 307 1672 referri
342 1610 468 1694 nequit,
501 1612 650 1675 habenda
686 1617 795 1676 tamen
830 1614 922 1676 tanta
955 1614 1020 1697 est,
1057 1615 1211 1695 quantam

65 1717 241 1781 maximam
271 1738 384 1800 capere
416 1719 542 1783 animus
576 1719 685 1800 possit
732 1718 815 1782 Eum
844 1723 952 1782 autem
982 1741 1111 1782 sensum
1139 1741 1211 1783 cum

66 1823 175 1908 aliquo
199 1823 387 1887 testimonio
410 1823 518 1907 palem
543 1825 707 1890 declarare
731 1826 855 1909 pridem
876 1826 1104 1909 decrevissem,
1127 1848 1212 1889 nuuc

64 1931 196 1995 mallem
228 1951 305 1994 saue
334 1930 457 2014 aliquid
485 1933 520 1994 iu
548 1934 701 2016 promptu
733 1932 861 2014 fuisset,
895 1931 981 2017 quod
1009 1931 1142 2015 propius
1171 1929 1210 1994 ad

65 2037 187 2101 Vestra
210 2035 366 2100 Italorum
395 2037 502 2102 studia
530 2038 697 2121 attineret,
725 2039 779 2122 qui
804 2037 838 2101 in
863 2037 982 2101 artium
1004 2037 1211 2122 potissimum

63 2144 361 2228 antiquitatumque
376 2145 615 2209 amoenioribus
629 2145 826 2209 diverticulis
840 2144 989 2209 habitare
1005 2145 1102 2229 soliti,
1123 2145 1210 2209 haud

64 2251 133 2316 fere
157 2251 301 2316 codicum
325 2251 545 2315 timendorum
569 2253 820 2336 tractandaeque
844 2253 1075 2336 grammaticae
1100 2274 1211 2316 aman-

63 2359 183 2424 tissimi
219 2358 415 2423 exstiteritis.
467 2357 529 2422 Sed
557 2380 731 2441 parumper
764 2359 941 2423 haesitanti
974 2359 1117 2423 animum
1149 2358 1211 2423 hoc

64 2464 202 2547 addidit,
225 2464 310 2548 quod
329 2465 513 2550 argumenti
539 2465 666 2530 exilitas
686 2465 744 2530 illa
763 2469 796 2529 et
818 2466 912 2530 facile
937 2466 1081 2530 excusari
1100 2487 1210 2530 morae

62 2572 158 2657 fuga,
188 2575 220 2635 et
246 2572 387 2636 fortasse
416 2571 488 2655 ipsa
516 2572 684 2637 voluntate
718 2573 881 2657 animique
910 2572 1096 2636 sinceritate
1126 2594 1210 2636 eom-

62 2679 193 2763 peusari
224 2677 401 2743 videbatur.
446 2678 607 2762 Accessit,
638 2680 722 2763 quod
758 2680 792 2743 in
822 2701 859 2744 eo
891 2681 1003 2742 nostra
1032 2678 1210 2762 disputatio

66 2786 224 2871 scriptore
245 2790 405 2869 versatur,
424 2808 529 2870 quem,
548 2786 664 2870 quibus
683 2786 809 2851 obsitus
830 2790 879 2849 est
899 2785 1047 2849 sordibus
1068 2787 1210 2871 purgari,

63 2897 98 2958 et
129 2893 260 2958 liberari
292 2892 407 2976 quibus
446 2893 699 2958 obscuritatibus
732 2893 861 2958 laborat
892 2893 1012 2957 Vestra
1048 2893 1209 2976 imprimis

63 3000 197 3065 referat:
226 3004 262 3065 ut
290 3000 346 3084 qui
374 3001 407 3064 in
435 3001 514 3083 ipsis
543 3000 723 3085 originibus
752 3004 785 3064 et
808 3001 904 3064 rebus
929 3000 1029 3083 gestis
1053 3000 1209 3084 principis

62 3108 179 3172 Italiae
202 3107 292 3171 urbis
315 3106 518 3171 illustrandis
543 3130 675 3190 operam
698 3106 867 3172 collocarit
890 3128 991 3170 suam.

154 3214 273 3298 Accipe
305 3215 406 3300 igitur
438 3238 501 3298 qua
535 3236 586 3278 me
616 3214 737 3279 dudum
769 3214 971 3278 assuefecisti
1004 3213 1209 3298 benignitate

63 3322 240 3405 levidense,
278 3323 360 3408 quod
396 3341 482 3404 Tlssv,
520 3322 569 3386 vir
600 3322 821 3405 dilectissime,
861 3321 964 3386 obtuli
1003 3321 1209 3405 dicatumque

62 3451 134 3494 csse
168 3429 255 3494 volui
288 3430 526 3514 munusculum,
564 3452 677 3513 meque
710 3430 794 3514 quod
828 3428 942 3493 adhue
964 3428 1069 3492 fecisti
1101 3450 1209 3492 amare

26 3532 28 3535 ’
62 3557 171 3622 perge.
217 3536 389 3601 Praeterea
421 3558 516 3622 aegre
544 3536 627 3600 ferre
655 3536 736 3614 noli,
770 3536 855 3620 quod
885 3535 923 3598 de
952 3535 1097 3620 reliquis,
1127 3558 1208 3619 quae

63 3644 180 3729 adieci,
203 3643 298 3707 huius
318 3644 445 3726 opellae
464 3647 595 3708 nostrae
614 3642 771 3727 exemplis
791 3643 830 3707 ad
855 3642 1028 3726 populares
1053 3641 1209 3726 quosdam

63 3768 152 3816 nvos
185 3750 382 3815 clarissimos
410 3750 671 3815 transmittendis
704 3773 767 3815 non
797 3750 919 3814 veritus
949 3773 1018 3813 sum
1048 3767 1090 3812 vu
1121 3747 1208 3812 solli·

63 3858 178 3922 citare:
207 3856 247 3920 ad
275 3855 508 3941 Carraunvu,
540 3857 804 3939 Bsnrrvomvu,
834 3854 1020 3939 Caranus,
1048 3855 1209 3938 Garrvu,

64 3965 188 4029 Leuvu
225 3961 496 4047 Mediolanenses,
532 3962 695 4028 Barmvu
732 3968 765 4026 et
807 3962 1019 4028 Moscmuvu
1056 3962 1208 4044 Venetos,

63 4071 327 4135 Fvnnnrvsrrvu
349 4069 557 4153 Patauinum,
581 4070 733 4153 Equitem
756 4088 803 4133 nn
828 4070 959 4134 Iasona
977 4069 1208 4134 Veronensem.

63 4177 198 4241 Praeter
230 4199 310 4259 quos
343 4199 416 4241 cum
453 4178 551 4241 etiam
584 4177 768 4241 Breucorvo
801 4175 1011 4260 Bononiensi,
1048 4174 1129 4259 Equ.
1161 4193 1208 4239 Du

61 4339 276 4347 -0———uv-

135 4423 161 4493 *l
182 4422 266 4494 [Vide
286 4440 357 4491 quae
373 4424 407 4476 de
422 4425 476 4479 hoc
490 4424 615 4495 hospitio
630 4422 785 4477 Veronensi
800 4421 971 4477 Ribbeckius
986 4420 1112 4475 narravit
1131 4420 1207 4475 vitae

61 4512 275 4569 Ritschelianae
295 4516 349 4569 vol.
370 4515 382 4568 Ι
400 4534 427 4585 p.
448 4521 507 4571 222.
528 4513 557 4569 C.
576 4514 633 4585 W.]
