2918 5004
445 360 678 409 nurnrmscnn
701 360 828 407 annun.
852 419 856 424 ,
1142 343 1204 406 641

64 501 191 566 fervore
219 502 444 585 amplectenda
471 507 621 587 paratum
644 503 809 588 ingenium
833 501 1123 586 Francogallorum
1148 505 1207 585 est,

63 609 243 674 clarissimo
267 609 367 676 misso
390 610 586 695 philosopho
609 615 795 677 nostrarum
814 608 926 674 laudes
946 608 1129 674 scholarum
1148 609 1206 673 ali·

64 719 143 800 quot
175 717 292 782 abhinc
325 718 419 782 annis
451 719 715 783 testificaturum:
753 718 945 782 documento
975 720 1025 780 est
1052 715 1207 782 diuturno

62 823 290 908 expergefacta
317 825 474 909 languore
506 825 578 910 ipsa
610 825 729 890 nobilis
758 845 836 909 gens
865 823 1110 907 Britannorum,
1144 822 1207 887 sibi

62 931 132 995 sola
159 931 300 1016 placere,
334 932 394 997 soli
424 933 487 996 sibi
514 932 668 1016 plaudere
696 955 754 1016 per
781 931 922 1017 plurima
950 931 1078 996 saecula
1101 930 1207 1014 solita,

62 1038 118 1102 sed
140 1038 193 1103 eui
215 1061 326 1125 nuper,
349 1043 387 1103 ut
404 1039 595 1122 accepimus,
618 1038 665 1103 rei
685 1039 898 1104 scholasticae
918 1060 995 1103 suae
1014 1037 1121 1102 labem
1140 1060 1205 1102 non
1221 1061 1254 1101 v1

62 1145 145 1210 alius
164 1146 227 1209 nisi
242 1144 435 1211 Borussicae
455 1146 645 1231 disciplinae
660 1146 859 1231 comparatio
879 1145 1071 1229 persuadere
1091 1145 1206 1229 coepit.

62 1251 152 1316 Haec
175 1253 277 1337 igitur
299 1257 393 1318 tanta
416 1253 573 1319 beneficia
596 1254 646 1319 cui
670 1254 802 1320 taudem
826 1256 957 1336 accepta
979 1253 1080 1317 refert
1097 1274 1205 1337 respu-

65 1359 151 1423 blica
164 1359 226 1424 nisi
240 1359 322 1446 Regi
338 1360 470 1444 Optimo
485 1359 681 1427 Farnnmco
697 1360 887 1427 onrnnnno
902 1358 951 1424 ΠΙ
974 1364 1017 1443 et,
1040 1359 1133 1423 cuius
1146 1359 1207 1423 Ille

63 1465 207 1530 consiliis
232 1473 307 1550 post
329 1467 560 1532 immortaliter
582 1468 733 1533 meritum
757 1468 795 1532 de
819 1469 915 1533 bonis
939 1467 1064 1532 artibus
1084 1465 1205 1530 Guilel-

62 1594 151 1636 mum
171 1572 211 1637 ab
226 1572 409 1639 Humboldt
432 1597 491 1659 per
509 1574 666 1659 plurimos
691 1597 793 1640 annos
818 1597 894 1639 usus
918 1578 976 1659 est,
1000 1572 1145 1640 Canobo
1161 1591 1205 1637 ΑΒ

60 1679 310 1747 humansrum?
335 1682 396 1758 Qui
418 1682 494 1766 quid
514 1682 631 1766 quibus
650 1683 712 1747 viis
731 1704 769 1747 ac
788 1682 889 1765 copiis
912 1681 1091 1746 instituerit
1114 1701 1205 1764 prae-

63 1788 263 1872 stiteritque,
295 1811 354 1854 nec
377 1790 450 1855 volo
478 1812 564 1855 nunc
591 1811 651 1854 nec
673 1811 804 1872 possum
830 1787 1020 1872 singillatim
1044 1787 1206 1871 persequi:

62 1917 122 1959 nec
144 1896 290 1981 indigere
313 1896 375 1961 hoc
398 1896 548 1961 uberiore
572 1896 787 1981 explicatione
810 1895 953 1979 ridetur,
977 1894 1097 1979 quippe
1119 1893 1204 1978 quod

60 2002 93 2066 iu
124 2004 235 2067 oculos
265 2002 358 2086 quasi
387 2025 446 2067 sua
474 2007 588 2087 sponte
617 2003 785 2067 incurrens
816 2001 994 2066 multorum
1024 1999 1205 2084 praeconiis

62 2108 284 2191 praedicatum
308 2108 352 2172 sit
374 2096 600 2194 multifariam,
622 2109 700 2174 adeo
724 2111 761 2173 ut
784 2108 871 2173 illius
890 2108 1019 2193 quidem
1039 2110 1204 2192 praestan-

60 2215 125 2279 tiae
158 2216 324 2299 persuasio
357 2215 409 2280 rel
443 2237 554 2280 eorum
587 2215 752 2280 mentibus
784 2215 956 2299 paullatim
991 2213 1204 2295 inhaerescat,

59 2322 115 2407 qui
147 2325 203 2387 aut
232 2327 368 2388 naturae
399 2323 480 2387 vitio
512 2322 694 2388 hebetiores
725 2323 765 2388 ad
796 2321 1004 2387 iudicandum
1036 2325 1093 2386 aut
1120 2321 1204 2386 vitae

61 2430 249 2496 condicione
279 2431 319 2494 ab
348 2429 545 2515 optimorum
570 2429 751 2495 studiorum
774 2430 970 2495 tractatione
995 2429 1094 2494 alieni
1118 2430 1228 2515 sunt.-

64 2536 186 2612 Quodsi
215 2560 280 2603 nou
303 2537 393 2622 quid,
426 2538 480 2602 sed
506 2560 568 2621 quo
592 2537 673 2602 illud
697 2537 806 2602 animo
830 2540 927 2621 atque
951 2536 1087 2600 consilio
1111 2535 1205 2599 insti-

61 2645 175 2729 tuerit,
207 2644 405 2729 quaerimus,
438 2644 470 2708 id
498 2643 593 2709 facile
622 2643 841 2727 intellegimus
871 2663 941 2706 csse
965 2642 1136 2725 eiusmodi,
1170 2645 1206 2705 ut

60 2753 144 2815 recte
172 2754 377 2834 perspectum
406 2751 441 2815 in
470 2751 571 2815 multo
600 2750 758 2814 maiorem
781 2748 853 2811 Viri
881 2748 1077 2813 immortalis
1107 2747 1205 2811 admi-

59 2857 220 2921 rationem
253 2858 374 2942 rapiat,
408 2857 586 2942 gratiarum
620 2857 782 2922 actionem
812 2859 848 2920 ut
879 2855 982 2920 multo
1013 2855 1204 2939 ampliorem

60 2965 213 3046 postulet.
259 2962 408 3048 Namque
436 2965 557 3029 artium
585 2964 831 3047 litterarumque
860 2984 970 3028 curam
994 2984 1067 3026 cum
1091 2962 1204 3028 Alton·

59 3070 213 3135 steinium
238 3070 348 3135 dixero
378 3070 505 3136 animo
535 3092 622 3136 vere
649 3071 758 3154 regio
788 3069 981 3153 suscepisse,
1005 3068 1052 3132 sic
1075 3068 1204 3133 demum

59 3198 124 3240 nne
160 3182 296 3242 cunctas
332 3182 443 3262 partes
480 3178 610 3243 nomine
647 3181 734 3242 recte
766 3175 1048 3260 comprehendisse
1087 3175 1204 3241 videor.

59 3281 214 3348 Animum
238 3287 348 3349 autem
371 3306 446 3348 vere
470 3285 595 3368 regium
619 3306 693 3348 eum
717 3284 797 3367 dico,
822 3283 877 3369 qui
897 3305 916 3347 a
934 3282 1054 3367 triplici
1073 3283 1204 3366 potissi·

60 3411 149 3454 mum
174 3391 412 3475 vituperatione
435 3391 520 3455 liber
543 3392 602 3476 sit,
632 3414 769 3477 quarum
797 3413 862 3455 una
886 3391 968 3456 solet
991 3390 1041 3454 vel
1065 3390 1099 3453 in
1122 3390 1203 3454 cele·

60 3497 220 3562 berrimos
243 3499 401 3564 bonarum
421 3499 540 3562 artium
558 3498 705 3564 fautores
724 3498 843 3561 illustri
861 3497 896 3560 in
914 3497 987 3561 loco
1006 3497 1203 3561 constitutos

59 3604 182 3669 cadere.
223 3605 349 3671 Horum
373 3605 460 3670 enim
484 3606 738 3689 quotusquisque
762 3610 821 3684 est,
845 3605 922 3688 quin
945 3605 984 3668 de
1009 3602 1129 3667 artium
1153 3604 1204 3667 lit·

59 3713 266 3794 terarumque
297 3711 507 3775 incrementis
538 3710 699 3775 sollicitus
730 3731 788 3775 suo
819 3710 924 3794 magis
952 3710 1078 3775 nomini
1106 3732 1203 3794 quam

60 3815 207 3899 ipsarum
230 3817 343 3899 saluti,
366 3839 464 3901 quam
487 3817 683 3901 reipublicae
706 3816 843 3881 utilitati
866 3816 1035 3881 consulere
1059 3816 1203 3880 animum

59 3921 237 4007 induxerit3
269 3922 347 4007 quin
374 3923 605 3988 beneficiorum
632 3924 710 3988 illuc
739 3924 930 3999 collatorum
959 3922 986 3987 si
1013 3945 1078 3987 non
1101 3924 1203 3986 maxi·

59 4051 156 4114 mam,
176 4034 261 4094 certe
280 4047 347 4095 non
365 4029 533 4095 minimam
553 4034 679 4113 partem
699 4029 740 4094 ad
759 4053 852 4095 suam
872 4030 980 4115 potius
999 4029 1051 4094 vel
1075 4029 1203 4094 laudem

59 4137 108 4201 vel
137 4137 338 4221 voluptatem
368 4137 546 4219 rettulerit,
583 4137 674 4221 quin,
703 4138 906 4203 utbreviter
933 4137 1052 4221 dicam,
1083 4138 1201 4202 artium
1217 4173 1262 4212 vn

58 4245 305 4329 litterarumque
335 4246 492 4327 patronus
517 4243 567 4307 vel
591 4242 703 4307 haberi
727 4243 972 4327 ostentationis,
1004 4244 1055 4310 vel
1079 4246 1202 4309 externi

60 4350 240 4434 splendoris
272 4371 388 4416 caussa
418 4371 487 4415 esse
519 4349 680 4414 voluerit?
727 4348 809 4415 Cum
843 4373 907 4435 qua
934 4352 1146 4435 perversitate
1174 4353 1202 4417 si

59 4455 112 4520 vel
136 4478 323 4542 comparare
345 4463 513 4543 tamquam
536 4456 728 4542 longissimo
752 4457 924 4522 intervallo
948 4458 1122 4524 distantem
1147 4459 1201 4523 Al·

113 4577 154 4613 ru.
173 4578 321 4614 muscarum
341 4580 478 4617 orvscvnn
497 4580 522 4615 v.
954 4569 987 4615 41
