2986 5010
442 333 705 382 unsvomuoms
729 334 940 382 rusvrnvss.
1198 318 1261 384 391

227 477 329 541 Amor
352 478 454 541 amari
477 477 533 542 dat
554 479 666 542 tamen
689 475 779 562 satis,
802 477 887 562 quod
910 478 955 543 sit
978 478 1122 565 aegre*),
1273 499 1369 543 cxnrv

119 588 231 648 tamen
258 606 299 648 ne
327 582 389 649 hoc
416 584 546 669 quidem
570 584 611 650 ad
635 584 833 649 simillimam
856 587 940 650 enim
962 587 1050 652 vocis
1074 587 1261 670 pronuntia·

115 694 239 757 tionem
267 691 540 775 comprobandam
569 695 619 756 est
646 691 838 757 adhibitum.
884 691 989 770 Quid?
1019 692 1105 779 quod
1132 716 1173 758 ne
1200 717 1261 759 usu

115 802 246 882 recepta
274 798 402 883 quidem
430 798 658 882 monosyllaba
686 798 846 883 scriptura
874 799 958 865 alius
982 802 1070 866 vocis
1094 800 1261 866 cuiusdam

114 904 153 968 de
172 927 248 970 vera
266 905 392 971 ratione
412 905 602 970 admonuit?
634 902 719 969 Nam
739 905 815 989 quid
835 909 884 971 est
908 929 971 992 quo
995 930 1015 972 a
1037 908 1261 991 monosyllaba

114 1011 209 1077 bonae
231 1013 282 1077 vel
305 1033 405 1079 satem
428 1013 533 1078 forma
555 1033 660 1076 ocreas
683 1011 811 1078 differat
832 1035 892 1097 pro
915 1015 1037 1079 minos
1061 1014 1159 1079 scribi
1183 1015 1261 1080 soli-

113 1119 208 1183 tum?
232 1118 354 1196 Quodsi
377 1119 456 1184 haec
480 1118 626 1202 exempla
645 1118 754 1183 omnia
773 1120 902 1204 quaeris
922 1120 998 1206 quid
1017 1121 1103 1186 inter
1122 1142 1156 1186 se
1175 1143 1260 1187 com·

115 1248 211 1290 mune
239 1225 395 1312 habeant,
427 1225 523 1291 facile
552 1247 590 1291 eo
619 1225 801 1310 pervenies,
829 1230 866 1291 ut
893 1227 988 1292 certis
1018 1226 1259 1293 condicionibus

115 1332 186 1419 regi
208 1332 271 1399 hoc
292 1354 396 1419 genus
419 1334 605 1399 universum
627 1332 809 1418 intellegas,
832 1333 918 1418 quod
941 1334 1118 1400 binarum
1141 1334 1259 1419 sylla·

113 1439 249 1503 barum
273 1437 354 1526 (non
376 1440 525 1507 binarum
548 1439 708 1505 vocalium
728 1462 799 1505 sese
818 1439 1063 1529 excipientium)
1086 1442 1125 1507 in
1148 1464 1259 1508 unam

112 1548 383 1614 contractione
411 1547 604 1614 continetur.
649 1546 781 1611 Etenim
805 1550 838 1612 et
865 1548 1021 1614 nomina
1050 1552 1128 1614 sunt
1150 1550 1259 1615 omnia

110 1654 162 1719 vel
180 1655 412 1740 particulae,
431 1676 496 1720 non
511 1653 622 1719 verba:
642 1656 675 1718 et
692 1654 897 1720 iambicam
917 1677 1100 1721 mensuram
1120 1663 1259 1741 aequant

111 1762 230 1846 omnia,
254 1762 305 1827 vel
328 1762 414 1848 quod
437 1761 550 1826 eodem
579 1760 671 1845 redit,
693 1761 966 1845 pyrrhicbiacam:
995 1767 1028 1829 et
1050 1785 1163 1828 unam
1186 1766 1257 1828 tan-

109 1872 180 1934 tum
203 1869 288 1935 inter
310 1870 403 1936 binas
427 1868 557 1935 vocales
580 1871 861 1934 consonantem
884 1871 1005 1936 habent
1029 1892 1164 1955 eamque
1187 1875 1258 1937 tan-

108 1980 179 2041 tum
206 1999 271 2042 non
301 2000 427 2062 semper
454 1976 652 2061 liquidam.
698 1975 737 2040 In
765 1977 886 2043 talibus
914 1979 1016 2064 igitur
1043 1978 1177 2043 vocibus
1200 1979 1256 2044 bi-

110 2084 277 2168 syllabie
306 2108 378 2151 eam
406 2084 505 2149 fuisse
532 2084 608 2149 vim
636 2083 797 2148 litterae
824 2084 996 2170 liquidae
1024 2085 1258 2171 contendimus,

110 2196 148 2256 ut
181 2193 289 2279 aliquo
322 2193 417 2258 modo
454 2191 601 2257 extrita
633 2190 743 2255 brevi
775 2213 857 2276 quae
889 2193 1097 2277 praecederet
1127 2193 1256 2259 vocali

109 2289 185 2363 una
208 2302 358 2364 tantum
383 2299 546 2384 syllaba'
561 2298 738 2381 audiretur,
761 2297 795 2362 id
818 2300 904 2384 qnod
927 2302 1068 2386 quadam
1090 2304 1169 2366 nota
1192 2301 1257 2365 sin·

109 2405 216 2490 gulari
240 2405 286 2471 sic
310 2406 529 2492 significamus
552 2399 645 2491 ddoci,
669 2398 781 2472 tdmeu.
814 2404 889 2472 Non
907 2407 970 2474 hoc
989 2408 1056 2474 ullo
1071 2406 1169 2472 modo
1184 2427 1256 2471 con-

108 2512 282 2597 tendimus,
304 2513 426 2578 fectum
449 2512 482 2578 id
506 2535 576 2579 esee
599 2514 633 2577 in
656 2512 835 2579 illiusmodi
854 2515 1013 2600 omnibus,
1037 2514 1092 2580 sed
1110 2514 1256 2598 potuisse
1295 2589 1296 2592 Ἴ

111 2619 197 2703 fieri,
221 2619 288 2684 acri
311 2622 420 2685 autem
443 2621 663 2705 exemplorum
686 2621 960 2706 pervestigatione
984 2645 1003 2686 a
1025 2621 1119 2687 nobis
1144 2643 1254 2686 eruen-

108 2728 186 2793 dum
214 2750 297 2812 esse,
324 2728 359 2792 in
387 2728 503 2813 quibus
531 2728 656 2794 factum
684 2729 728 2793 sit
756 2750 878 2812 reapse.
924 2727 1010 2793 Nam
1038 2750 1055 2792 e
1084 2732 1254 2812 perspecta

106 2837 179 2922 lege
197 2835 350 2901 Plautina
369 2833 500 2900 criticae
519 2835 599 2899 artis
617 2836 669 2900 lex
688 2835 887 2900 consectaria
905 2833 985 2900 haec
1008 2840 1059 2901 est
1081 2839 1127 2918 ut,
1151 2834 1252 2899 sicubi

106 2943 266 3027 suspectis
294 2940 436 3007 numeris
465 2942 516 3006 vel
545 2941 650 3025 specie
679 2941 804 3006 labanti
827 2945 930 3007 metro
954 2942 1096 3007 defensio
1120 2945 1177 3007 aut
1199 2963 1252 3007 ex·
1266 2974 1350 3019 om

107 3049 233 3114 cusatio
257 3049 298 3113 ab
321 3048 410 3113 illiue
433 3051 569 3113 naturae
592 3048 752 3115 vocabulo
776 3051 892 3131 parata
915 3049 972 3134 sit,
1000 3071 1066 3115 non
1089 3049 1132 3113 eit
1154 3047 1252 3114 libro·

105 3176 178 3220 rum
201 3155 362 3240 scriptura
383 3159 504 3220 temere
528 3154 742 3220 sollicitanda.
778 3153 893 3239 Itaque
912 3175 984 3219 cum
1008 3155 1148 3221 aliorum
1170 3154 1250 3219 satis

106 3261 258 3346 frequens
283 3263 328 3327 sit
350 3262 576 3347 monosyllaba
598 3260 829 3347 pronuntiatio,
852 3264 962 3326 tamen
984 3284 1025 3327 ne
1048 3263 1082 3327 in
1105 3261 1163 3327 illa
1186 3261 1254 3347 qui·

105 3402 181 3458 thesi
202 3401 335 3473 positum.
371 3401 436 3457 Non
459 3402 551 3473 magis
574 3401 663 3473 igitur
686 3405 718 3456 nt
740 3401 816 3457 omni
835 3403 954 3458 accentu
972 3401 1137 3458 deditutum
1155 3401 1185 3455 in
1202 3401 1253 3457 illo

106 3508 202 3547 versus
220 3492 283 3548 loco
301 3509 401 3548 amam
420 3490 583 3563 percipitur,
606 3508 691 3561 qnam
704 3493 741 3547 ab
754 3492 836 3548 initio
851 3508 946 3548 versus
961 3491 1130 3548 collocatum
1144 3491 1254 3546 Auram

105 3584 187 3650 atque
200 3582 325 3639 aodllcs.
359 3580 439 3646 Quod
455 3581 521 3637 volo
538 3579 707 3652 capiteXVI
726 3580 877 3652 disputatis
895 3579 970 3638 addi.
998 3580 1149 3636 Duobusne
1167 3580 1253 3650 igitur

106 3667 173 3724 solis
196 3668 330 3740 exemplis
353 3668 454 3724 Heant.
474 3670 522 3737 lll,
541 3676 567 3740 2,
585 3675 603 3724 4
622 3670 652 3724 et
668 3669 755 3725 Andr.
775 3668 810 3738 ΙΙ,
830 3676 855 3738 6,
874 3675 890 3724 8
910 3668 1054 3724 credemus
1077 3687 1158 3724 usum
1176 3668 1252 3723 illius

107 3758 233 3828 genefivi
251 3758 451 3815 Terentianum
470 3775 584 3814 omnem
602 3758 757 3814 contineri?
795 3757 898 3814 Credat
915 3757 965 3828 qui
982 3758 1099 3828 poterit:
1118 3757 1188 3812 mihi
1206 3757 1252 3814 vix

108 3846 228 3902 dubium
251 3850 295 3903 est
317 3849 384 3920 quin
407 3850 539 3919 corrupta
561 3849 624 3903 sint.
662 3848 699 3902 Et
721 3848 837 3904 alterins
860 3847 974 3917 quidem
996 3846 1077 3903 initio
1099 3846 1193 3902 nescio
1216 3864 1252 3901 an

108 3935 210 3992 vocula
228 3937 372 3994 exciderit:

797 4008 930 4064 uidelicet

320 4096 394 4167 Quia
413 4096 520 4154 Cliniae
539 4098 587 4153 ille
606 4113 701 4153 seruos
720 4097 932 4168 tardiusculust,

318 4184 425 4240 Idcirco
443 4186 509 4242 huic
527 4187 622 4242 nostro
640 4185 774 4242 nauus
791 4185 948 4258 prouincia:

106 4273 139 4328 in
158 4273 247 4330 altero
266 4289 283 4327 a
301 4273 422 4331 librariis
445 4275 590 4332 turbatum
608 4290 669 4330 esse
686 4274 838 4346 pristinum
856 4274 1005 4331 vorborum
1023 4274 1148 4348 ordinem
1167 4274 1250 4345 puto:

317 4362 439 4420 Huiusce
457 4366 572 4436 propter
589 4363 819 4420 consuetudinem
836 4363 1002 4436 hospitae.']

194 4453 221 4523 ⁴¹)
240 4452 338 4524 [Amo'r
356 4454 447 4510 amori
464 4454 514 4511 do't
530 4454 599 4510 sctis
616 4454 689 4524 quod
707 4455 809 4527 ceprest
827 4453 933 4530 Trin.¹]
