2910 5010
259 325 322 387 712
483 338 713 386 caranusous
738 325 959 404 aasentias,
983 338 1187 405 saansaan,

258 505 351 547 usum
376 483 495 569 saeculi
519 482 600 547 vitio
628 481 663 546 in
685 481 753 547 dies
776 482 1018 565 periclitantem
1040 481 1052 565 l
1075 482 1275 547 salutariter
1297 505 1403 568 propa-

257 591 350 674 ganti
367 590 378 673 ΙΙ
395 595 464 654 tam
486 588 667 654 luculenter
691 592 889 653 sustentatos
912 589 1053 655 honores
1078 590 1377 675 quinquagenarios
1396 653 1397 661 ,

257 696 363 763 Nonis
386 696 514 761 Martiis
538 712 848 763 afflomcccuxxm
865 695 877 780 ΙΙ
895 718 934 760 ex
957 696 1068 761 animo
1091 696 1288 782 gratulatur
1304 698 1316 780 fl
1332 697 1400 761 mul·

258 806 428 886 torumque
457 824 614 866 annorum
642 801 780 865 salutem
804 802 1056 887 prosperitatem
1081 802 1341 887 duraturamque
1361 804 1400 867 bi·

258 909 422 973 laritatem
440 907 451 990 ΙΙ
469 907 663 973 amicissime
678 911 811 991 exoptat
827 909 838 992 ΙΙ
856 907 1037 973 Friderious
1051 909 1184 975 Ritsohl
1202 910 1215 994 l
1233 911 1313 975 olim
1327 910 1399 975 Bou·

257 1017 380 1099 nensis,
407 1036 493 1080 nunc
516 1037 598 1079 unus
626 1037 643 1079 e
667 1013 892 1100 Lipsiensibus
920 1015 948 1080 si
974 1015 1025 1080 fas
1053 1020 1105 1082 est
1134 1017 1245 1083 dicere
1269 1038 1398 1098 γραμμα·

257 1143 363 1188 uvore

807 1373 856 1437 14.

260 1512 459 1597 Auschlag
482 1535 524 1576 zu
549 1511 614 1576 der
633 1512 744 1577 Feier
766 1535 840 1578 von
857 1513 1020 1579 Fichte’s
1042 1514 1395 1601 hundertjahrigem

550 1618 786 1704 Geburtstag
811 1617 877 1706 (19.
900 1619 974 1686 Mai
1002 1622 1109 1707 1862).

347 1761 577 1828 Vniversitatis
591 1759 784 1826 Fridericiae
804 1760 997 1828 Guilelmiae
1016 1764 1194 1831 Rhenanae
1213 1767 1225 1849 fl
1244 1765 1358 1832 Rector
1370 1770 1396 1828 et

259 1867 397 1933 Senatus
415 1868 426 1951 l
443 1867 686 1933 professoribus
711 1867 908 1933 Ductoribus
932 1867 1065 1935 Civibus
1083 1872 1094 1953 ΙΙ
1112 1869 1144 1935 S.

345 1975 441 2040 Diem
464 1976 586 2040 instare
608 1975 711 2040 nostis
735 1975 831 2060 longe
855 1977 1168 2061 auspicatissimum,
1197 2002 1264 2063 quo
1289 1980 1395 2045 abhinc

258 2087 387 2147 centum
407 2105 510 2148 annos
529 2104 628 2147 unum
648 2105 665 2146 e
683 2084 971 2166 praestantissimis
991 2088 1094 2149 mater
1108 2083 1288 2151 Germania
1305 2088 1395 2151 filium

258 2190 433 2275 progenuit
454 2188 465 2271 l
486 2188 642 2254 loannem
666 2188 885 2273 Theophilum
908 2190 1022 2255 Fichte
1038 2191 1050 2273 ΙΙ
1067 2191 1174 2256 virum
1197 2193 1321 2258 bonum
1342 2195 1396 2257 lor·

259 2305 325 2362 tem
349 2297 530 2380 sapientem
554 2295 724 2379 imprimis.
757 2294 855 2360 Cuius
880 2297 975 2361 simul
994 2300 1092 2381 atque
1109 2321 1234 2365 nomen
1254 2300 1294 2364 ad
1312 2321 1394 2364 aures

259 2402 419 2485 acciderit,
441 2424 508 2468 non
530 2403 760 2487 philosophum
785 2407 911 2468 tantum
934 2404 1116 2489 cogitamus
1140 2406 1175 2470 in
1198 2407 1313 2490 paucis
1332 2406 1394 2470 sub

259 2509 350 2574 tilem
378 2512 474 2592 atque
502 2509 719 2593 ingeniosum,
751 2532 817 2575 uon
844 2510 1034 2593 scriptorem
1061 2511 1195 2577 uberem
1221 2518 1256 2578 et
1278 2514 1394 2598 elegan-

258 2620 337 2699 tem,
365 2637 431 2681 non
454 2619 614 2680 oratorem
640 2616 814 2682 facundum
839 2620 871 2681 et
894 2617 1105 2700 luculentum,
1127 2641 1195 2684 non
1218 2626 1393 2705 praecepto

258 2745 326 2788 rem
350 2743 481 2785 suavem
500 2720 735 2806 valentemque,
758 2722 813 2786 sed
833 2723 919 2786 vitae
938 2728 1046 2808 partes
1065 2746 1180 2790 omnes
1200 2728 1392 2813 complexum

258 2829 453 2915 magistrum
480 2828 693 2892 humanitatis
722 2829 932 2914 suspicimus,
965 2831 1020 2895 sed
1049 2832 1201 2897 veritatis
1230 2835 1265 2898 in
1289 2834 1391 2919 quovis

258 2957 375 3022 genere
399 2939 567 2999 strenuum
591 2939 875 3020 propugnatorem,
898 2937 953 3000 sed
972 2937 1117 3002 iustitiae
1137 2939 1300 3005 vindicem
1318 2961 1391 3004 acer

258 3044 389 3124 rimum,
421 3040 478 3105 sed
509 3039 581 3104 fidei
615 3041 823 3107 liberalitatis
856 3043 1073 3127 simplicitatis
1107 3047 1279 3111 custodem
1305 3052 1389 3130 atque

257 3154 399 3214 tutorem
428 3148 688 3232 integerrimum,
716 3147 772 3212 sed
799 3171 926 3214 morum
950 3150 1192 3216 emendatorem
1216 3153 1313 3238 longe
1334 3152 1389 3217 effi-

257 3255 469 3321 cacissimum.
514 3254 594 3317 Tam
623 3257 732 3318 autem
756 3276 848 3320 rarae
872 3255 1001 3321 virtutis
1025 3257 1076 3320 vis
1099 3279 1173 3322 cum
1197 3259 1239 3323 ad
1262 3260 1388 3345 patriam

256 3363 485 3445 civitatemque
508 3359 691 3424 universam
716 3362 886 3445 pertineat,
909 3367 979 3427 tum
1001 3363 1150 3447 proximo
1176 3386 1249 3430 eam
1273 3364 1387 3430 viuculo

257 3492 331 3534 cum
349 3468 469 3533 uostris
488 3466 669 3532 rationibus
689 3467 849 3551 contineri
869 3469 1036 3550 sentimus,
1060 3449 1116 3552 qui
1135 3470 1259 3537 eisdem
1284 3473 1387 3557 quibus

256 3575 311 3640 ille
340 3576 536 3659 optimarum
565 3574 682 3639 artium
712 3574 826 3639 studiis
854 3576 955 3640 vitam
979 3578 1252 3644 consecravimus.
1296 3577 1386 3643 Nobis

257 3682 358 3768 igitur
386 3682 471 3766 quod
498 3686 628 3766 praeter
656 3685 780 3746 ceteros
803 3682 975 3767 proposuit
995 3682 1157 3748 humanae
1181 3685 1385 3770 praestantiae

257 3789 438 3872 exemplum
461 3811 594 3873 prorsus
618 3788 791 3873 singulare,
813 3789 899 3854 idem
923 3790 964 3854 ab
987 3788 1108 3854 eisdem
1127 3796 1260 3873 praeter
1277 3795 1384 3857 ceteros

256 3895 318 3960 coli
343 3894 573 3979 observarique
596 3916 656 3979 par
679 3898 738 3960 est.
771 3894 928 3970 Quocirca
950 3894 1047 3959 huius
1070 3896 1294 3962 universitatis
1315 3897 1384 3961 Rhe

256 4023 358 4066 nanae
383 4004 415 4064 et
438 4000 545 4067 officio
570 4004 603 4064 et
626 3999 778 4084 dignitati
802 3999 1022 4085 defuissemus,
1044 4003 1110 4066 nisi
1128 4007 1263 4068 sanetae
1281 4023 1383 4067 memo

254 4109 321 4173 riae
350 4106 539 4173 Fichtianae
566 4106 783 4182 communiter
811 4107 1082 4179 concelebrandae
1110 4110 1384 4193 prospexissemus

253 4215 343 4301 Ergo
368 4214 408 4279 ad
432 4213 622 4278 audiendam
646 4212 828 4278 orationem
846 4213 1009 4298 publicam
1028 4237 1087 4279 vos
1107 4215 1294 4300 invitamus,
1315 4214 1384 4299 qual,

254 4322 305 4385 die
342 4320 419 4384 XIX
448 4320 544 4385 huius
572 4319 694 4384 mensis
723 4318 804 4383 hora
831 4318 877 4383 XI
913 4320 947 4384 in
975 4320 1051 4385 aula
1078 4342 1200 4407 magna
1223 4323 1237 4407 {l
1264 4323 1384 4406 conlega

253 4430 364 4491 noster
392 4427 603 4511 gravissimus
633 4424 839 4492 Christianus
866 4426 1035 4513 Augustus
1067 4427 1221 4513 Brundis,
1253 4429 1384 4515 philoso-
