2940 5004
249 351 314 418 484
539 367 798 416 monnoonuun
822 365 869 414 on
894 365 1105 416 auctomnvs

247 513 388 594 sabulum
416 512 486 578 sine
512 512 604 578 hanc:
636 535 740 598 neque
768 514 853 579 enim
882 513 921 578 de
950 513 1014 577 alia
1041 512 1104 577 nisi
1132 511 1170 576 de
1198 511 1257 576 hac
1284 512 1404 577 fabula

250 621 388 705 cogitari
411 624 538 704 potest,
561 642 619 686 neo
643 621 681 684 de
706 621 792 703 aliis,
815 642 895 705 quos
918 626 1014 704 roget
1037 624 1143 703 poeta,
1165 620 1230 684 nisi
1254 617 1295 684 de
1320 621 1404 703 ipsis

250 729 503 811 spectatoribus:
540 732 654 791 eontra
685 749 751 791 non
784 728 914 812 aliquod
945 749 1079 811 nomen,
1113 727 1168 791 sed
1201 727 1263 791 hoc
1300 749 1402 790 unum

250 838 379 917 praeter
401 836 526 918 reliqua
551 835 661 899 omnia
683 857 760 899 suae
785 835 855 898 vult
877 834 1008 898 fabulae
1032 834 1168 917 imponi,
1197 838 1405 918 quapropter

250 961 314 1004 non
340 943 424 1004 oliuo
451 942 506 1006 hoc
533 944 590 1007 uo's
611 949 700 1026 φοραί
721 943 779 1007 illa
802 942 992 1006 collocanda
1015 945 1109 1005 erant
1132 963 1204 1005 cum
1228 941 1404 1024 Palatinis,

249 1047 305 1111 sed
324 1069 395 1112 cum
416 1050 634 1115 Ambrosiano
658 1051 741 1113 nunc
762 1071 818 1113 uos
841 1049 896 1113 ho'c
919 1048 1053 1132 roqot.*)
1086 1047 1147 1111 Sed
1168 1049 1267 1112 etiam
1288 1049 1404 1132 paullo

250 1154 413 1237 longiores
446 1157 674 1221 vocabulorum
705 1156 829 1221 formae
860 1161 893 1220 et
925 1134 1038 1239 suapte
1070 1155 1311 1240 significatione
1343 1155 1403 1218 ali-

250 1264 372 1344 quanto
406 1263 580 1347 ampliores
613 1263 761 1328 notiones
793 1268 904 1327 tamen
936 1263 983 1327 ita
1015 1285 1049 1325 se
1080 1262 1199 1326 habere
1227 1261 1268 1325 ad
1296 1263 1403 1325 totius

250 1367 409 1432 enuntiati
441 1369 489 1431 sui
523 1369 682 1433 rationem
715 1374 868 1453 possunt,
902 1374 937 1433 ut
969 1369 1065 1433 huius
1097 1391 1241 1432 summae
1272 1367 1402 1432 nullum

251 1478 307 1536 aut
333 1477 543 1560 perexiguum
579 1476 706 1560 pondus
735 1476 870 1541 addant:
903 1500 919 1540 e
948 1499 1011 1561 quo
1041 1477 1250 1560 consequitur
1280 1479 1318 1538 nt
1347 1475 1402 1538 de·

252 1580 398 1645 litescere
427 1584 459 1646 in
489 1583 573 1647 thesi
605 1586 778 1668 potuerint.
825 1583 877 1648 Sic
904 1585 938 1648 in
966 1584 1017 1649 his
1046 1606 1074 1648 v,
1102 1587 1154 1648 14:
1188 1583 1347 1663 Quoniam
1375 1585 1404 1646 ei

249 1689 304 1769 qui
325 1709 373 1752 me
395 1691 489 1753 olere
510 1692 557 1754 nil
580 1694 685 1755 uideo
707 1694 769 1756 e'sse
791 1693 907 1768 relicui,
930 1691 1062 1755 tantilla
1082 1692 1130 1755 vis
1154 1695 1204 1755 est
1226 1692 1316 1754 uideo
1341 1712 1401 1754 no·

250 1795 363 1877 tionis,
392 1800 428 1860 ut
454 1798 544 1861 nullo
574 1799 676 1882 ipsius
705 1800 886 1863 sententiae
912 1798 1108 1863 detrimento
1132 1799 1200 1862 sine
1222 1799 1312 1861 italico
1338 1798 1402 1861 dici

250 1904 393 1985 potuerit
424 1907 571 1984 quoniam
602 1908 630 1971 ei
662 1906 743 1970 nihil
772 1912 817 1970 est
847 1907 963 1969 relicui
1013 1904 1097 1968 Item
1126 1927 1154 1968 v.
1183 1905 1226 1968 54
1252 1927 1313 1988 pro
1348 1904 1401 1967 his

251 2007 400 2074 Omnibus
421 2014 544 2095 amicte,
571 2013 653 2093 quod
675 2012 754 2075 milii
780 2013 832 2096 cst,
859 2014 966 2093 cupio
993 2032 1055 2076 esse
1080 2013 1153 2074 item
1182 2009 1303 2074 licebat
1328 2034 1401 2094 pro-

250 2113 335 2178 fecto
359 2118 458 2181 etiam
483 2121 552 2184 sine
576 2121 664 2200 cupio
687 2120 776 2182 velut
800 2120 858 2182 sic:
882 2120 1022 2183 monibus
1044 2120 1124 2182 idion
1146 2119 1188 2182 cit
1209 2119 1291 2197 quod
1312 2118 1402 2180 eniti.

157 2220 314 2292 cenwVel
339 2246 366 2286 v.
391 2224 455 2286 859
481 2225 574 2288 Nunc
600 2247 651 2307 ayo
678 2228 708 2288 si
728 2231 857 2306 potero
885 2227 1073 2289 marcentis
1095 2225 1247 2288 homiuem
1271 2225 1402 2288 circum-

250 2329 367 2405 ducen,
395 2329 486 2394 Doto
516 2352 640 2411 operam
667 2331 749 2395 nihil
779 2332 935 2395 momenti
963 2332 995 2394 in
1020 2336 1125 2412 potero
1154 2331 1242 2394 verbi
1267 2332 1403 2395 notione

250 2455 320 2497 esse
349 2437 460 2500 statim
489 2437 564 2500 hinc
593 2437 807 2521 intellegitur,
835 2438 920 2521 quod
948 2438 1060 2502 eadem
1090 2438 1160 2501 sine
1184 2457 1275 2518 posse
1298 2439 1402 2503 verbo

251 2542 297 2605 sic
325 2542 386 2606 diei
415 2548 601 2627 potuerunt:
630 2544 707 2607 (labo
735 2565 859 2625 operam
887 2551 922 2608 ut
948 2544 1100 2608 imminuo
1128 2547 1319 2608 oruumm-tis
1342 2548 1403 2609 eir·

250 2651 437 2714 mendacem.
484 2650 566 2714 Item
590 2650 751 2733 perlevem
783 2651 847 2714 vim
878 2652 977 2732 facere
1004 2652 1103 2715 habet
1131 2675 1158 2716 v.
1187 2652 1252 2715 674
1279 2657 1404 2733 reputes

250 2758 326 2837 quid
344 2758 446 2837 faeere
467 2760 602 2841 cepeto,
626 2771 709 2840 quae
733 2780 866 2840 prorsus
890 2763 1031 2842 aequant
1054 2759 1135 2822 alias
1159 2758 1312 2842 loquendi
1337 2758 1403 2822 for·
1449 2833 1452 2842 Ι

251 2886 321 2927 mas
355 2871 390 2929 ut
423 2864 516 2948 ‘quid
549 2864 641 2947 velis,
676 2864 835 2947 moliaris,
868 2864 1049 2930 intendas’:
1082 2887 1186 2949 neque
1215 2865 1302 2929 enim
1332 2865 1402 2928 ullo

251 2972 346 3035 modo
367 2972 468 3051 facere
491 2974 523 3033 et
545 2973 642 3034 dicere
665 2972 715 3035 vel
735 2972 853 3036 similia
872 2975 909 3034 ut
927 2972 1078 3054 opposita
1097 2972 1292 3056 cogitantur.
1331 2971 1402 3035 Nec

251 3078 323 3161 plus
346 3078 534 3143 offensionis
559 3102 587 3144 v.
614 3080 671 3142 131
699 3079 750 3144 vel
773 3078 892 3143 homiui
921 3080 1109 3143 ciducesccitti
1131 3078 1182 3141 vel
1211 3080 1314 3142 animi
1342 3082 1402 3141 im·

246 3186 314 3265 poti
337 3185 448 3268 habet,
476 3186 530 3249 ubi
555 3190 587 3249 et
614 3187 694 3250 satis
724 3191 794 3250 erat
816 3188 1002 3250 adulescenti
1025 3186 1086 3249 dici
1111 3186 1181 3248 sine
1203 3184 1339 3266 lolium,
1369 3191 1404 3248 et

252 3294 416 3374 tamquam
441 3293 474 3355 in
498 3314 596 3356 unam
620 3294 785 3357 notionem
809 3316 881 3357 cum
907 3294 962 3357 illa
986 3297 1103 3356 coeunt
1125 3295 1194 3355 tum
1217 3293 1320 3354 animi
1343 3293 1402 3353 ilet-

246 3399 326 3477 poti:
351 3398 501 3462 similiter
524 3421 561 3463 ae
584 3422 613 3463 v.
636 3400 699 3464 381
724 3406 853 3463 ueterem
876 3401 967 3482 (itque
989 3404 1160 3483 antiquom.
1207 3397 1293 3461 Hinc
1318 3397 1403 3461 iudi·

252 3505 317 3566 cari
351 3505 389 3569 de
420 3507 564 3570 centenis
597 3506 754 3589 exemplis
787 3508 917 3589 poterit.
965 3505 1064 3570 Velut
1096 3528 1166 3570 cum
1199 3503 1403 3568 Bacchidum

252 3633 363 3674 versus
387 3613 438 3677 63.
462 3614 505 3677 65
530 3613 595 3696 [94.
618 3614 675 3696 96]
700 3614 746 3677 sic
770 3615 908 3698 scriptos
932 3614 1139 3679 Hermannus
1163 3612 1324 3676 exhibuit:

341 3740 412 3839 Ego
436 3755 542 3820 sorori
565 3778 656 3818 meae
680 3756 775 3819 hodie
799 3778 931 3821 coenam
955 3757 1031 3822 deire
1056 3758 1129 3821 uolo
1154 3755 1322 3819 uiaticum:

341 3862 389 3926 Tu
414 3865 609 3946 opsonatum
634 3862 732 3927 facito
757 3864 851 3928 nobie
875 3863 920 3928 sit
944 3866 1135 3950 opulentum
1160 3863 1348 3946 opsonium:

252 4011 364 4070 contra
387 4006 489 4071 libros
513 4011 700 4089 utrumque,
729 4007 762 4069 in
791 4007 907 4090 quibus
930 3997 1014 4070 oilae
1041 4028 1146 4069 comm
1173 4006 1260 4069 lodie
1290 4011 1342 4070 est
1373 4014 1407 4072 et

254 4113 302 4175 Tei
318 4114 413 4193 facito
432 4115 627 4196 opsonatum:
646 4113 726 4177 illud
746 4113 874 4197 quidem
894 4117 1030 4196 apparet
1049 4114 1268 4177 necessarium
1289 4114 1407 4198 fuisse,

252 4241 324 4282 cum
344 4219 377 4282 in
396 4242 486 4284 cuzae
510 4221 643 4284 notione
667 4220 823 4304 primaria
848 4221 895 4284 vis
916 4220 959 4282 sit
978 4221 1079 4283 totius
1100 4221 1292 4304 sententiae,
1312 4224 1407 4287 nulla

341 4396 367 4463 *)
392 4397 452 4466 [uos
470 4397 519 4449 hoc
538 4395 633 4451 Ττίιι2
659 4396 702 4449 ‘nt
724 4413 748 4450 e.
773 4413 795 4449 c.
816 4415 841 4449 v.
867 4403 909 4450 27.
930 4402 971 4450 87.
994 4402 1052 4450 153.
1073 4400 1124 4449 485
1144 4394 1317 4464 omninoque
1339 4415 1407 4454 con-

253 4484 393 4537 suetudini
412 4482 571 4550 rationique
590 4483 822 4551 convenienter.’]
