2992 5004
421 366 686 415 uunuoarroms
711 366 920 415 curvamus.
1063 395 1068 404 .
1179 347 1244 414 377

102 511 252 594 graviore
276 512 392 578 mendo
416 512 514 577 cubat
536 510 621 576 Men.
644 510 686 595 ΙΙ,
710 512 740 594 3,
763 512 815 576 84.
839 509 954 574 —De
978 515 1127 595 correpto
1150 512 1246 576 bade

100 617 161 683 etsi
186 617 330 683 dubitari
353 620 474 705 nequit,
497 623 607 684 tamen
620 616 801 683 Trinummi
825 617 955 703 quidem
974 640 1003 684 v.
1018 617 1082 685 218
1107 641 1124 683 e
1148 619 1245 685 libro

100 747 173 789 rum
200 726 358 791 memoria
386 729 468 793 unde
493 728 644 810 quidquod
666 726 886 810 sodomitae,
914 748 977 811 quo
1004 727 1086 791 anda
1112 727 1244 808 quidque

100 830 158 896 alii
174 832 234 914 [sic
247 830 373 916 Trin.¹],
396 857 456 900 nos
480 834 646 899 effecimus
665 854 738 898 cum
758 831 923 918 scaligero
947 835 1032 898 νιηᾱέ
1049 835 1133 916 quid,
1156 832 1243 918 quod

99 941 134 1004 in
160 939 241 1004 illud
268 961 334 1006 non
362 943 426 1007 alio
455 963 562 1008 errore
591 941 724 1006 transiit
752 964 849 1026 quam
879 963 942 1025 quo
967 941 1000 1005 in
1023 940 1242 1005 Ambrosiano

99 1064 358 1126 omsoolsooau
380 1071 440 1133 pro
462 1051 626 1131 quiscerem
649 1047 807 1133 scriptum
831 1049 880 1111 est
902 1068 931 1110 v.
955 1046 1079 1112 510-
1106 1045 1242 1133 Correp-
1257 1069 1382 1111 exxvrn

28 1202 29 1205 η
98 1158 170 1219 turn
192 1156 296 1220 intus
319 1177 384 1221 non
407 1177 476 1221 esse
500 1155 741 1223 sollicitandum
766 1153 913 1220 intellexi
931 1176 959 1218 v.
978 1154 1060 1219 1101
1085 1155 1138 1220 scd
1158 1156 1243 1222 intres

99 1263 238 1328 ηανναόό
259 1263 314 1328 tibi
336 1263 382 1328 Et
403 1263 459 1328 bo‘c
480 1270 509 1328 et
530 1265 609 1329 olio:
643 1263 699 1327 ubi
723 1263 796 1346 ipsa
818 1261 903 1326 ratio
927 1261 1107 1326 sententiae
1131 1265 1165 1328 et
1187 1285 1242 1327 na-

99 1371 205 1436 tivum
234 1391 336 1455 genus
367 1369 519 1454 loquendi
551 1372 714 1437 inversum
745 1369 890 1434 ordinem
919 1370 973 1434 scd
994 1369 1129 1435 narrabo
1159 1370 1243 1436 intus

100 1478 157 1543 tibi
178 1477 312 1562 respuit,
335 1478 430 1562 plane
453 1481 491 1543 ut
514 1477 631 1543 Militis
654 1476 713 1561 ΙΠ,
739 1479 766 1561 1,
791 1477 847 1542 18:

188 1617 250 1684 sed
282 1621 359 1686 uolo
393 1622 488 1706 scire,
521 1621 632 1687 eodem
665 1620 818 1704 consilio,
850 1620 935 1705 quod
968 1610 1072 1706 intus*
1093 1620 1245 1688 meditati

950 1752 1073 1793 sumus:

98 1871 155 1937 ubi
179 1871 218 1938 ad
242 1871 394 1957 loquendi
418 1872 681 1938 consuetudinem
705 1879 738 1937 et
758 1872 950 1938 facilitatem
969 1871 1128 1937 sermonis
1148 1871 1242 1937 valde

98 1980 179 2045 dura
207 1984 256 2045 est
284 2002 381 2065 quam
409 1978 577 2045 Acidaliae
605 1980 852 2045 collocationem
880 1970 1052 2045 verborum
1081 2001 1242 2045 commen-

98 2088 198 2153 dabat
225 2088 306 2170 quod
332 2087 473 2152 meditati
499 2088 585 2152 intus
611 2107 728 2152 aremus.
774 2087 863 2172 Ergo
886 2108 927 2151 ne
951 2086 989 2151 de
1014 2086 1151 2152 Oasinae
1174 2086 1242 2170 qui·

98 2194 172 2259 dem
196 2216 290 2259 versu
314 2192 373 2276 ΠΙ,
391 2194 422 2277 3,
441 2194 484 2258 24
508 2193 732 2278 dubitandum,
756 2194 834 2280 quin
858 2198 945 2259 recte
969 2193 1055 2277 libri,
1078 2195 1178 2258 etiam
1200 2194 1242 2275 A,

97 2301 196 2366 talem
221 2299 407 2366 exhibeant:

187 2443 203 2507 Ι
226 2447 262 2510 tu
286 2445 385 2529 atque
408 2467 535 2511 arcesse
557 2444 664 2509 illam:
689 2446 751 2529 e'go
775 2444 874 2529 intus,
898 2444 983 2530 quod
1006 2445 1129 2512 factost
1152 2467 1241 2529 opus.

99 2584 162 2650 Sed
186 2585 295 2652 Aulul.
318 2585 364 2671 ΙΙ,
388 2588 418 2672 8,
444 2589 483 2652 19
506 2610 621 2674 parum
645 2587 779 2672 sapiunt
801 2587 947 2671 profecto
971 2590 1027 2674 qui
1049 2594 1077 2654 ct
1098 2589 1243 2670 strepitus
1287 2654 1289 2658 .

96 2694 141 2757 e'st
162 2696 248 2758 latus
276 2693 517 2779 amplectuntur
539 2716 598 2778 pro
622 2699 651 2759 ct
671 2695 830 2776 strepitust
851 2697 945 2762 intus.
972 2733 1009 2742 —
1035 2695 1109 2761 Non
1134 2695 1241 2760 minus

98 2803 187 2864 certa
219 2800 367 2884 exempla
399 2804 565 2885 correptae
596 2802 698 2865 inter
727 2800 981 2883 praepositionis
1013 2803 1094 2867 haec
1122 2802 1241 2866 habeto

97 2905 190 2992 Capt.
213 2905 276 2992 ΙΙΙ,
299 2908 330 2993 4,
354 2908 405 2973 84.
442 2905 514 2973 Cas.
538 2906 577 2991 V,
600 2909 622 2972 4
644 2908 730 2973 init:

186 3048 280 3114 Nunc
308 3070 368 3136 ego
398 3051 483 3116 inter
511 3055 638 3115 sacrum
667 3072 842 3137 saxumque
866 3056 917 3119 stri
941 3074 1000 3118 nec
1023 3055 1099 3139 quid
1123 3053 1242 3118 faoidm

950 3181 1026 3224 scro.

186 3261 281 3329 Ndnc
304 3285 366 3349 ego
389 3264 474 3330 inter
497 3269 625 3330 sacnlnr
649 3287 827 3350 saxumque
851 3270 922 3331 siim
946 3288 1005 3332 neo
1029 3291 1092 3354 quo
1115 3268 1242 3353 fugiam

949 3396 1029 3439 soro:

97 3502 235 3565 quorum
250 3501 402 3545 versuum
420 3479 559 3546 invicem
578 3501 648 3546 sese
667 3481 845 3545 tutantium
866 3481 949 3545 alter
968 3503 1006 3546 ex
1021 3481 1241 3548 Ambrosiano

95 3588 224 3653 demum
247 3587 378 3673 prodiit,
401 3591 489 3654 recte
511 3589 613 3654 lectus
637 3590 677 3654 ab
701 3588 829 3674 Angelo
853 3588 951 3654 Maio.
995 3588 1241 3675 Imperitissime

96 3697 131 3761 in
163 3696 270 3782 priore
294 3693 433 3761 Bothius
467 3696 567 3761 Nunc
591 3718 642 3779 epo
675 3717 800 3762 comum
831 3698 912 3760 inter
938 3716 1117 3778 scaunmuc:
1155 3718 1240 3762 nam

96 3804 248 3868 brevem
277 3802 449 3868 vocalem
477 3808 565 3868 ante
593 3808 734 3869 mutam
758 3825 840 3868 oum
865 3803 1015 3887 liquida
1038 3824 1241 3888 numquam

95 3908 148 3974 vel
185 3909 277 3996 apud
308 3908 460 3974 Plautum
498 3908 549 3974 vel
586 3909 620 3973 in
658 3909 759 3974 veteri
796 3910 889 3994 poesi
925 3908 1118 3975 Latinorum
1154 3932 1240 3993 pro·
1356 3930 1359 3936 ·

95 4016 182 4081 duci
210 4021 277 4081 tam
302 4020 353 4080 est
375 4018 551 4101 procerte
580 4019 613 4080 et
637 4015 804 4101 explorato
828 4015 1027 4099 habendum,
1059 4020 1096 4079 ut
1118 4016 1157 4080 de
1179 4016 1242 4081 hac

96 4123 224 4207 quidem
254 4123 447 4188 re'verbum
470 4144 536 4187 non
560 4122 700 4207 amplius
724 4122 892 4186 additurus
917 4123 979 4186 sim
1002 4122 1036 4185 in
1059 4121 1111 4186 his
1135 4122 1239 4206 prole·
1255 4155 1354 4196 cmx

96 4227 290 4316 gomenis.*)
324 4228 410 4295 Satis
434 4228 534 4313 igitur
558 4228 710 4312 praesidii
732 4230 883 4312 paratum
908 4231 958 4292 est
977 4226 1159 4293 Trinummi
1176 4229 1239 4293 709

185 4406 211 4473 Ἰ
229 4405 392 4461 Tenendum
411 4405 465 4460 hoc
484 4405 546 4459 erat
563 4403 593 4459 in
612 4421 708 4459 eornm
726 4403 903 4474 potissimum
918 4419 1048 4458 veranum
1062 4403 1239 4471 tractatione,

97 4493 127 4548 in
146 4493 246 4562 quibus
265 4512 346 4550 casus
365 4494 473 4562 obliqui
491 4511 556 4565 oper
573 4493 650 4550 vocis
669 4494 761 4551 locmn
780 4492 894 4564 habent,
912 4496 945 4550 ut
963 4498 1022 4548 500.
1034 4498 1094 4549 652.
1105 4499 1164 4549 687.
1174 4498 1239 4547 7003
