<?xml version="1.0" encoding="UTF-8"?>
<!DOCTYPE html PUBLIC "-//W3C//DTD XHTML 1.0 Transitional//EN"
    "http://www.w3.org/TR/xhtml1/DTD/xhtml1-transitional.dtd">
<html xmlns="http://www.w3.org/1999/xhtml" xml:lang="en" lang="en">
 <head>
  <title>
</title>
<meta http-equiv="Content-Type" content="text/html;charset=utf-8" />
  <meta name='ocr-system' content='tesseract 3.04.00' />
  <meta name='ocr-capabilities' content='ocr_page ocr_carea ocr_par ocr_line ocrx_word'/>
</head>
<body>
  <div class='ocr_page' id='page_1' title='image "./fridericiritsch05wachgoog_0446.png"; bbox 0 0 2986 5010; ppageno 0'>
   <div class='ocr_carea' id='block_1_1' title="bbox 447 342 1273 411">
    <p class='ocr_par' dir='ltr' id='par_1_1' title="bbox 447 342 1273 411">
     <span class='ocr_line' id='line_1_1' title="bbox 447 342 1273 411; baseline -0.001 -3"><span class='ocrx_word' id='word_1_1' title='bbox 447 361 714 410; x_wconf 77' lang='lat' dir='ltr'><strong>auaunrrroms</strong></span> <span class='ocrx_word' id='word_1_2' title='bbox 738 361 944 411; x_wconf 72' lang='lat' dir='ltr'><strong>parvumne.</strong></span> <span class='ocrx_word' id='word_1_3' title='bbox 1209 342 1273 407; x_wconf 81' lang='lat'><strong>429</strong></span> 
     </span>
    </p>
   </div>
   <div class='ocr_carea' id='block_1_2' title="bbox 75 504 1436 1983">
    <p class='ocr_par' dir='ltr' id='par_1_2' title="bbox 75 504 1436 1983">
     <span class='ocr_line' id='line_1_2' title="bbox 126 504 1436 591; baseline 0 -23"><span class='ocrx_word' id='word_1_4' title='bbox 126 505 249 570; x_wconf 91' lang='lat' dir='ltr'><strong>habuit.</strong></span> <span class='ocrx_word' id='word_1_5' title='bbox 296 504 403 570; x_wconf 81' lang='lat' dir='ltr'><strong>Causa</strong></span> <span class='ocrx_word' id='word_1_6' title='bbox 435 506 521 571; x_wconf 90' lang='lat' dir='ltr'><strong>enim</strong></span> <span class='ocrx_word' id='word_1_7' title='bbox 553 507 759 572; x_wconf 76' lang='lat' dir='ltr'><strong>intermissae</strong></span> <span class='ocrx_word' id='word_1_8' title='bbox 787 506 1019 591; x_wconf 89' lang='lat' dir='ltr'><strong>pronuntiandi</strong></span> <span class='ocrx_word' id='word_1_9' title='bbox 1050 504 1274 570; x_wconf 71' lang='lat' dir='ltr'><strong>continuitatis</strong></span> <span class='ocrx_word' id='word_1_10' title='bbox 1296 529 1436 568; x_wconf 73' lang='lat' dir='ltr'><strong>ccxxxix</strong></span> 
     </span>
     <span class='ocr_line' id='line_1_3' title="bbox 126 612 1275 687; baseline -0.002 -9"><span class='ocrx_word' id='word_1_11' title='bbox 126 634 199 678; x_wconf 89' lang='lat' dir='ltr'><strong>cum</strong></span> <span class='ocrx_word' id='word_1_12' title='bbox 228 618 285 678; x_wconf 90' lang='lat' dir='ltr'><strong>aut</strong></span> <span class='ocrx_word' id='word_1_13' title='bbox 314 613 348 677; x_wconf 96' lang='lat' dir='ltr'><strong>in</strong></span> <span class='ocrx_word' id='word_1_14' title='bbox 377 614 600 687; x_wconf 89' lang='lat' dir='ltr'><strong>sententiae</strong></span> <span class='ocrx_word' id='word_1_15' title='bbox 629 620 686 678; x_wconf 91' lang='lat' dir='ltr'><strong>aut</strong></span> <span class='ocrx_word' id='word_1_16' title='bbox 718 614 752 678; x_wconf 94' lang='lat' dir='ltr'><strong>in</strong></span> <span class='ocrx_word' id='word_1_17' title='bbox 779 636 1023 679; x_wconf 90' lang='lat' dir='ltr'><strong>numerorum</strong></span> <span class='ocrx_word' id='word_1_18' title='bbox 1055 612 1275 678; x_wconf 86' lang='lat' dir='ltr'><strong>rationibus</strong></span> 
     </span>
     <span class='ocr_line' id='line_1_4' title="bbox 126 719 1275 805; baseline -0.002 -21"><span class='ocrx_word' id='word_1_19' title='bbox 126 719 233 802; x_wconf 90' lang='lat' dir='ltr'><strong>posita</strong></span> <span class='ocrx_word' id='word_1_20' title='bbox 261 720 317 784; x_wconf 91' lang='lat' dir='ltr'><strong>sit:</strong></span> <span class='ocrx_word' id='word_1_21' title='bbox 347 721 471 785; x_wconf 92' lang='lat' dir='ltr'><strong>numeri</strong></span> <span class='ocrx_word' id='word_1_22' title='bbox 502 721 631 805; x_wconf 89' lang='lat' dir='ltr'><strong>quidem</strong></span> <span class='ocrx_word' id='word_1_23' title='bbox 660 743 777 805; x_wconf 90' lang='lat' dir='ltr'><strong>pausas</strong></span> <span class='ocrx_word' id='word_1_24' title='bbox 806 743 902 786; x_wconf 91' lang='lat' dir='ltr'><strong>nemo</strong></span> <span class='ocrx_word' id='word_1_25' title='bbox 926 721 1029 785; x_wconf 90' lang='lat' dir='ltr'><strong>nescit</strong></span> <span class='ocrx_word' id='word_1_26' title='bbox 1052 743 1123 785; x_wconf 88' lang='lat' dir='ltr'><strong>earn</strong></span> <span class='ocrx_word' id='word_1_27' title='bbox 1147 724 1275 784; x_wconf 90' lang='lat' dir='ltr'><strong>tantum</strong></span> 
     </span>
     <span class='ocr_line' id='line_1_5' title="bbox 126 827 1275 912; baseline 0.001 -23"><span class='ocrx_word' id='word_1_28' title='bbox 126 827 190 890; x_wconf 90' lang='lat' dir='ltr'><strong>vim</strong></span> <span class='ocrx_word' id='word_1_29' title='bbox 214 827 332 891; x_wconf 89' lang='lat' dir='ltr'><strong>habere</strong></span> <span class='ocrx_word' id='word_1_30' title='bbox 357 832 392 892; x_wconf 91' lang='lat' dir='ltr'><strong>ut</strong></span> <span class='ocrx_word' id='word_1_31' title='bbox 417 828 594 893; x_wconf 77' lang='lat' dir='ltr'><strong>admittant</strong></span> <span class='ocrx_word' id='word_1_32' title='bbox 617 828 752 912; x_wconf 91' lang='lat' dir='ltr'><strong>hiatum,</strong></span> <span class='ocrx_word' id='word_1_33' title='bbox 775 851 840 893; x_wconf 89' lang='lat' dir='ltr'><strong>uon</strong></span> <span class='ocrx_word' id='word_1_34' title='bbox 864 831 900 893; x_wconf 94' lang='lat' dir='ltr'><strong>ut</strong></span> <span class='ocrx_word' id='word_1_35' title='bbox 924 828 1089 912; x_wconf 75' lang='lat' dir='ltr'><strong>requirant</strong></span> <span class='ocrx_word' id='word_1_36' title='bbox 1112 849 1275 912; x_wconf 90' lang='lat' dir='ltr'><strong>umquam.</strong></span> 
     </span>
     <span class='ocr_line' id='line_1_6' title="bbox 126 931 1276 1019; baseline 0 -23"><span class='ocrx_word' id='word_1_37' title='bbox 126 931 188 996; x_wconf 89' lang='lat' dir='ltr'><strong>Sed</strong></span> <span class='ocrx_word' id='word_1_38' title='bbox 215 955 256 997; x_wconf 91' lang='lat' dir='ltr'><strong>ne</strong></span> <span class='ocrx_word' id='word_1_39' title='bbox 284 958 304 999; x_wconf 89' lang='lat' dir='ltr'><strong>a</strong></span> <span class='ocrx_word' id='word_1_40' title='bbox 332 934 494 1000; x_wconf 90' lang='lat' dir='ltr'><strong>sententia</strong></span> <span class='ocrx_word' id='word_1_41' title='bbox 523 935 651 1019; x_wconf 92' lang='lat' dir='ltr'><strong>quidem</strong></span> <span class='ocrx_word' id='word_1_42' title='bbox 680 935 751 1018; x_wconf 90' lang='lat' dir='ltr'><strong>plus</strong></span> <span class='ocrx_word' id='word_1_43' title='bbox 780 958 877 1019; x_wconf 90' lang='lat' dir='ltr'><strong>quam</strong></span> <span class='ocrx_word' id='word_1_44' title='bbox 906 935 1148 1000; x_wconf 86' lang='lat' dir='ltr'><strong>excusationem</strong></span> <span class='ocrx_word' id='word_1_45' title='bbox 1171 932 1276 998; x_wconf 90' lang='lat' dir='ltr'><strong>hiatui</strong></span> 
     </span>
     <span class='ocr_line' id='line_1_7' title="bbox 126 1040 1275 1125; baseline -0.001 -21"><span class='ocrx_word' id='word_1_46' title='bbox 126 1045 274 1123; x_wconf 87' lang='lat' dir='ltr'><strong>paratum</strong></span> <span class='ocrx_word' id='word_1_47' title='bbox 309 1063 378 1105; x_wconf 86' lang='lat' dir='ltr'><strong>esse</strong></span> <span class='ocrx_word' id='word_1_48' title='bbox 417 1042 657 1106; x_wconf 79' lang='lat' dir='ltr'><strong>evidentissime</strong></span> <span class='ocrx_word' id='word_1_49' title='bbox 694 1064 806 1106; x_wconf 91' lang='lat' dir='ltr'><strong>eorum</strong></span> <span class='ocrx_word' id='word_1_50' title='bbox 844 1042 1063 1125; x_wconf 84' lang='lat' dir='ltr'><strong>exemplorum</strong></span> <span class='ocrx_word' id='word_1_51' title='bbox 1101 1040 1275 1104; x_wconf 87' lang='lat' dir='ltr'><strong>multitudo</strong></span> 
     </span>
     <span class='ocr_line' id='line_1_8' title="bbox 126 1146 1275 1243; baseline -0.001 -32"><span class='ocrx_word' id='word_1_52' title='bbox 126 1146 231 1231; x_wconf 91' lang='lat' dir='ltr'><strong>docet,</strong></span> <span class='ocrx_word' id='word_1_53' title='bbox 263 1149 298 1211; x_wconf 90' lang='lat' dir='ltr'><strong>in</strong></span> <span class='ocrx_word' id='word_1_54' title='bbox 326 1148 443 1232; x_wconf 91' lang='lat' dir='ltr'><strong>quibus</strong></span> <span class='ocrx_word' id='word_1_55' title='bbox 472 1149 522 1212; x_wconf 88' lang='lat' dir='ltr'><strong>vel</strong></span> <span class='ocrx_word' id='word_1_56' title='bbox 550 1148 731 1213; x_wconf 90' lang='lat' dir='ltr'><strong>fortissima</strong></span> <span class='ocrx_word' id='word_1_57' title='bbox 759 1149 1027 1243; x_wconf 75' lang='lat' dir='ltr'><strong>interpunctio</strong></span> <span class='ocrx_word' id='word_1_58' title='bbox 1056 1149 1188 1213; x_wconf 90' lang='lat' dir='ltr'><strong>minime</strong></span> <span class='ocrx_word' id='word_1_59' title='bbox 1217 1147 1275 1211; x_wconf 93' lang='lat' dir='ltr'><strong>im-</strong></span> 
     </span>
     <span class='ocr_line' id='line_1_9' title="bbox 75 1252 1275 1339; baseline 0.002 -25"><span class='ocrx_word' id='word_1_60' title='bbox 75 1303 82 1313; x_wconf 87' lang='lat'><strong>.</strong></span> <span class='ocrx_word' id='word_1_61' title='bbox 128 1254 229 1338; x_wconf 91' lang='lat' dir='ltr'><strong>pediit</strong></span> <span class='ocrx_word' id='word_1_62' title='bbox 253 1255 424 1339; x_wconf 86' lang='lat' dir='ltr'><strong>quominus</strong></span> <span class='ocrx_word' id='word_1_63' title='bbox 449 1257 577 1321; x_wconf 84' lang='lat' dir='ltr'><strong>vocales</strong></span> <span class='ocrx_word' id='word_1_64' title='bbox 602 1256 828 1321; x_wconf 87' lang='lat' dir='ltr'><strong>coalescerent.</strong></span> <span class='ocrx_word' id='word_1_65' title='bbox 869 1255 943 1320; x_wconf 91' lang='lat' dir='ltr'><strong>Non</strong></span> <span class='ocrx_word' id='word_1_66' title='bbox 968 1258 1077 1339; x_wconf 89' lang='lat' dir='ltr'><strong>potest</strong></span> <span class='ocrx_word' id='word_1_67' title='bbox 1100 1252 1144 1337; x_wconf 82' lang='lat' dir='ltr'><strong>(si</strong></span> <span class='ocrx_word' id='word_1_68' title='bbox 1168 1276 1188 1317; x_wconf 87' lang='lat' dir='ltr'><strong>a</strong></span> <span class='ocrx_word' id='word_1_69' title='bbox 1211 1253 1275 1317; x_wconf 89' lang='lat' dir='ltr'><strong>sin·</strong></span> 
     </span>
     <span class='ocr_line' id='line_1_10' title="bbox 125 1361 1274 1448; baseline 0 -24"><span class='ocrx_word' id='word_1_70' title='bbox 125 1361 293 1446; x_wconf 84' lang='lat' dir='ltr'><strong>gularibns</strong></span> <span class='ocrx_word' id='word_1_71' title='bbox 323 1363 516 1446; x_wconf 89' lang='lat' dir='ltr'><strong>quibusdam</strong></span> <span class='ocrx_word' id='word_1_72' title='bbox 547 1364 701 1448; x_wconf 83' lang='lat' dir='ltr'><strong>exemplis</strong></span> <span class='ocrx_word' id='word_1_73' title='bbox 730 1361 915 1448; x_wconf 84' lang='lat' dir='ltr'><strong>recesseris)</strong></span> <span class='ocrx_word' id='word_1_74' title='bbox 945 1362 1076 1446; x_wconf 85' lang='lat' dir='ltr'><strong>gravius</strong></span> <span class='ocrx_word' id='word_1_75' title='bbox 1100 1361 1274 1425; x_wconf 88' lang='lat' dir='ltr'><strong>divortium</strong></span> 
     </span>
     <span class='ocr_line' id='line_1_11' title="bbox 126 1470 1274 1557; baseline 0 -27"><span class='ocrx_word' id='word_1_76' title='bbox 126 1489 310 1532; x_wconf 84' lang='lat' dir='ltr'><strong>sermonum</strong></span> <span class='ocrx_word' id='word_1_77' title='bbox 330 1470 466 1555; x_wconf 84' lang='lat' dir='ltr'><strong>cogitari</strong></span> <span class='ocrx_word' id='word_1_78' title='bbox 487 1493 584 1555; x_wconf 87' lang='lat' dir='ltr'><strong>quam</strong></span> <span class='ocrx_word' id='word_1_79' title='bbox 604 1471 688 1557; x_wconf 90' lang='lat' dir='ltr'><strong>qnod</strong></span> <span class='ocrx_word' id='word_1_80' title='bbox 708 1471 746 1535; x_wconf 90' lang='lat' dir='ltr'><strong>fit</strong></span> <span class='ocrx_word' id='word_1_81' title='bbox 768 1470 985 1534; x_wconf 83' lang='lat' dir='ltr'><strong>mutatione</strong></span> <span class='ocrx_word' id='word_1_82' title='bbox 1008 1489 1274 1553; x_wconf 90' lang='lat' dir='ltr'><strong>personarum:</strong></span> 
     </span>
     <span class='ocr_line' id='line_1_12' title="bbox 125 1575 1274 1660; baseline 0.001 -22"><span class='ocrx_word' id='word_1_83' title='bbox 125 1579 159 1638; x_wconf 93' lang='lat' dir='ltr'><strong>et</strong></span> <span class='ocrx_word' id='word_1_84' title='bbox 181 1578 291 1639; x_wconf 90' lang='lat' dir='ltr'><strong>tamen</strong></span> <span class='ocrx_word' id='word_1_85' title='bbox 315 1576 395 1640; x_wconf 89' lang='lat' dir='ltr'><strong>haec</strong></span> <span class='ocrx_word' id='word_1_86' title='bbox 418 1577 490 1660; x_wconf 88' lang='lat' dir='ltr'><strong>ipsa</strong></span> <span class='ocrx_word' id='word_1_87' title='bbox 513 1581 643 1642; x_wconf 89' lang='lat' dir='ltr'><strong>tantum</strong></span> <span class='ocrx_word' id='word_1_88' title='bbox 669 1577 762 1641; x_wconf 89' lang='lat' dir='ltr'><strong>abest</strong></span> <span class='ocrx_word' id='word_1_89' title='bbox 784 1582 904 1641; x_wconf 91' lang='lat' dir='ltr'><strong>utnon</strong></span> <span class='ocrx_word' id='word_1_90' title='bbox 924 1576 1078 1640; x_wconf 89' lang='lat' dir='ltr'><strong>admittat</strong></span> <span class='ocrx_word' id='word_1_91' title='bbox 1097 1575 1274 1656; x_wconf 85' lang='lat' dir='ltr'><strong>elisionem,</strong></span> 
     </span>
     <span class='ocr_line' id='line_1_13' title="bbox 125 1681 1275 1768; baseline -0.001 -23"><span class='ocrx_word' id='word_1_92' title='bbox 125 1686 162 1745; x_wconf 92' lang='lat' dir='ltr'><strong>ut</strong></span> <span class='ocrx_word' id='word_1_93' title='bbox 184 1704 258 1746; x_wconf 88' lang='lat' dir='ltr'><strong>raro</strong></span> <span class='ocrx_word' id='word_1_94' title='bbox 281 1684 516 1768; x_wconf 84' lang='lat' dir='ltr'><strong>neglectionem</strong></span> <span class='ocrx_word' id='word_1_95' title='bbox 548 1684 694 1749; x_wconf 87' lang='lat' dir='ltr'><strong>elisionis</strong></span> <span class='ocrx_word' id='word_1_96' title='bbox 719 1683 895 1748; x_wconf 80' lang='lat' dir='ltr'><strong>admiserit.</strong></span> <span class='ocrx_word' id='word_1_97' title='bbox 940 1682 1013 1747; x_wconf 90' lang='lat' dir='ltr'><strong>Duo</strong></span> <span class='ocrx_word' id='word_1_98' title='bbox 1036 1683 1140 1747; x_wconf 88' lang='lat' dir='ltr'><strong>triave</strong></span> <span class='ocrx_word' id='word_1_99' title='bbox 1165 1705 1180 1745; x_wconf 87' lang='lat' dir='ltr'><strong>e</strong></span> <span class='ocrx_word' id='word_1_100' title='bbox 1206 1681 1275 1745; x_wconf 88' lang='lat' dir='ltr'><strong>Tri·</strong></span> 
     </span>
     <span class='ocr_line' id='line_1_14' title="bbox 126 1788 1273 1875; baseline -0.003 -22"><span class='ocrx_word' id='word_1_101' title='bbox 126 1810 258 1853; x_wconf 90' lang='lat' dir='ltr'><strong>nummo</strong></span> <span class='ocrx_word' id='word_1_102' title='bbox 283 1792 428 1875; x_wconf 84' lang='lat' dir='ltr'><strong>exempla</strong></span> <span class='ocrx_word' id='word_1_103' title='bbox 452 1814 549 1875; x_wconf 91' lang='lat' dir='ltr'><strong>supra</strong></span> <span class='ocrx_word' id='word_1_104' title='bbox 573 1792 681 1875; x_wconf 90' lang='lat' dir='ltr'><strong>posui:</strong></span> <span class='ocrx_word' id='word_1_105' title='bbox 705 1792 736 1855; x_wconf 92' lang='lat' dir='ltr'><strong>in</strong></span> <span class='ocrx_word' id='word_1_106' title='bbox 762 1791 956 1855; x_wconf 84' lang='lat' dir='ltr'><strong>contrariam</strong></span> <span class='ocrx_word' id='word_1_107' title='bbox 981 1794 1108 1873; x_wconf 90' lang='lat' dir='ltr'><strong>partem</strong></span> <span class='ocrx_word' id='word_1_108' title='bbox 1132 1788 1273 1852; x_wconf 88' lang='lat' dir='ltr'><strong>eiusdem</strong></span> 
     </span>
     <span class='ocr_line' id='line_1_15' title="bbox 127 1895 1025 1983; baseline 0.003 -24"><span class='ocrx_word' id='word_1_109' title='bbox 127 1895 257 1959; x_wconf 82' lang='lat' dir='ltr'><strong>fabulae</strong></span> <span class='ocrx_word' id='word_1_110' title='bbox 281 1898 407 1962; x_wconf 86' lang='lat' dir='ltr'><strong>circiter</strong></span> <span class='ocrx_word' id='word_1_111' title='bbox 431 1899 667 1983; x_wconf 81' lang='lat' dir='ltr'><strong>qninquaginta</strong></span> <span class='ocrx_word' id='word_1_112' title='bbox 690 1899 803 1962; x_wconf 84' lang='lat' dir='ltr'><strong>valent</strong></span> <span class='ocrx_word' id='word_1_113' title='bbox 825 1897 1025 1962; x_wconf 90' lang='lat' dir='ltr'><strong>huiusmodi:</strong></span> 
     </span>
    </p>
   </div>
   <div class='ocr_carea' id='block_1_3' title="bbox 214 2039 1274 2661">
    <p class='ocr_par' dir='ltr' id='par_1_3' title="bbox 219 2039 1150 2123">
     <span class='ocr_line' id='line_1_16' title="bbox 219 2039 1150 2123; baseline 0 -20"><span class='ocrx_word' id='word_1_114' title='bbox 219 2040 302 2116; x_wconf 86' lang='lat' dir='ltr'><strong>Quid</strong></span> <span class='ocrx_word' id='word_1_115' title='bbox 327 2040 450 2105; x_wconf 84' lang='lat' dir='ltr'><strong>edimus</strong></span> <span class='ocrx_word' id='word_1_116' title='bbox 475 2047 603 2105; x_wconf 88' lang='lat' dir='ltr'><strong>nosmet</strong></span> <span class='ocrx_word' id='word_1_117' title='bbox 621 2042 750 2123; x_wconf 63' lang='lat' dir='ltr'><strong>pbstea?</strong></span> <span class='ocrx_word' id='word_1_118' title='bbox 773 2039 839 2106; x_wconf 78' lang='lat' dir='ltr'><strong>LE.</strong></span> <span class='ocrx_word' id='word_1_119' title='bbox 862 2042 955 2105; x_wconf 84' lang='lat' dir='ltr'><strong>etium</strong></span> <span class='ocrx_word' id='word_1_120' title='bbox 978 2044 1014 2103; x_wconf 80' lang='lat' dir='ltr'><strong>tri</strong></span> <span class='ocrx_word' id='word_1_121' title='bbox 1038 2039 1150 2104; x_wconf 82' lang='lat' dir='ltr'><strong>taces?</strong></span> 
     </span>
    </p>

    <p class='ocr_par' dir='ltr' id='par_1_4' title="bbox 217 2144 1274 2321">
     <span class='ocr_line' id='line_1_17' title="bbox 217 2144 1274 2230; baseline -0.001 -20"><span class='ocrx_word' id='word_1_122' title='bbox 217 2145 251 2210; x_wconf 85' lang='lat' dir='ltr'><strong>Si</strong></span> <span class='ocrx_word' id='word_1_123' title='bbox 280 2146 355 2230; x_wconf 85' lang='lat' dir='ltr'><strong>quid</strong></span> <span class='ocrx_word' id='word_1_124' title='bbox 382 2148 432 2211; x_wconf 89' lang='lat' dir='ltr'><strong>uis</strong></span> <span class='ocrx_word' id='word_1_125' title='bbox 462 2149 602 2213; x_wconf 78' lang='lat' dir='ltr'><strong>Stasimc.</strong></span> <span class='ocrx_word' id='word_1_126' title='bbox 636 2147 696 2212; x_wconf 79' lang='lat' dir='ltr'><strong>ST.</strong></span> <span class='ocrx_word' id='word_1_127' title='bbox 718 2149 777 2212; x_wconf 82' lang='lat' dir='ltr'><strong>buc</strong></span> <span class='ocrx_word' id='word_1_128' title='bbox 799 2147 938 2213; x_wconf 80' lang='lat' dir='ltr'><strong>concede</strong></span> <span class='ocrx_word' id='word_1_129' title='bbox 962 2147 1173 2230; x_wconf 76' lang='lat' dir='ltr'><strong>aliquantum.</strong></span> <span class='ocrx_word' id='word_1_130' title='bbox 1206 2144 1274 2209; x_wconf 89' lang='lat' dir='ltr'><strong>PH.</strong></span> 
     </span>
     <span class='ocr_line' id='line_1_18' title="bbox 715 2256 798 2321; baseline 0 -3"><span class='ocrx_word' id='word_1_131' title='bbox 715 2256 798 2321; x_wconf 89' lang='lat' dir='ltr'><strong>licet.</strong></span> 
     </span>
    </p>

    <p class='ocr_par' dir='ltr' id='par_1_5' title="bbox 214 2359 1157 2462">
     <span class='ocr_line' id='line_1_19' title="bbox 214 2359 1157 2462; baseline 0 -38"><span class='ocrx_word' id='word_1_132' title='bbox 214 2359 255 2424; x_wconf 84' lang='lat' dir='ltr'><strong>Ei</strong></span> <span class='ocrx_word' id='word_1_133' title='bbox 279 2361 324 2424; x_wconf 88' lang='lat' dir='ltr'><strong>rei</strong></span> <span class='ocrx_word' id='word_1_134' title='bbox 349 2362 541 2446; x_wconf 74' lang='lat' dir='ltr'><strong>argumenta</strong></span> <span class='ocrx_word' id='word_1_135' title='bbox 563 2364 673 2427; x_wconf 77' lang='lat' dir='ltr'><strong>dicum.</strong></span> <span class='ocrx_word' id='word_1_136' title='bbox 696 2361 765 2462; x_wconf 82' lang='lat' dir='ltr'><strong>PH.</strong></span> <span class='ocrx_word' id='word_1_137' title='bbox 788 2364 898 2427; x_wconf 78' lang='lat' dir='ltr'><strong>audire</strong></span> <span class='ocrx_word' id='word_1_138' title='bbox 921 2362 1033 2447; x_wconf 79' lang='lat' dir='ltr'><strong>edepol</strong></span> <span class='ocrx_word' id='word_1_139' title='bbox 1057 2362 1157 2425; x_wconf 89' lang='lat' dir='ltr'><strong>lubet.</strong></span> 
     </span>
    </p>

    <p class='ocr_par' dir='ltr' id='par_1_6' title="bbox 214 2466 1272 2661">
     <span class='ocr_line' id='line_1_20' title="bbox 214 2466 1272 2554; baseline -0.001 -23"><span class='ocrx_word' id='word_1_140' title='bbox 214 2466 298 2542; x_wconf 84' lang='lat' dir='ltr'><strong>Quid</strong></span> <span class='ocrx_word' id='word_1_141' title='bbox 321 2468 372 2532; x_wconf 83' lang='lat' dir='ltr'><strong>is?</strong></span> <span class='ocrx_word' id='word_1_142' title='bbox 396 2470 519 2553; x_wconf 75' lang='lat' dir='ltr'><strong>eqetrre?</strong></span> <span class='ocrx_word' id='word_1_143' title='bbox 543 2469 609 2534; x_wconf 89' lang='lat' dir='ltr'><strong>LY.</strong></span> <span class='ocrx_word' id='word_1_144' title='bbox 633 2471 715 2554; x_wconf 74' lang='lat' dir='ltr'><strong>eget.</strong></span> <span class='ocrx_word' id='word_1_145' title='bbox 739 2469 806 2534; x_wconf 92' lang='lat' dir='ltr'><strong>PH.</strong></span> <span class='ocrx_word' id='word_1_146' title='bbox 830 2469 987 2535; x_wconf 88' lang='lat' dir='ltr'><strong>habuitne</strong></span> <span class='ocrx_word' id='word_1_147' title='bbox 1010 2469 1098 2532; x_wconf 76' lang='lat' dir='ltr'><strong>rem?</strong></span> <span class='ocrx_word' id='word_1_148' title='bbox 1126 2467 1192 2532; x_wconf 86' lang='lat' dir='ltr'><strong>LY.</strong></span> <span class='ocrx_word' id='word_1_149' title='bbox 1217 2467 1272 2531; x_wconf 76' lang='lat' dir='ltr'><strong>ha-</strong></span> 
     </span>
     <span class='ocr_line' id='line_1_21' title="bbox 714 2574 1235 2661; baseline -0.008 -20"><span class='ocrx_word' id='word_1_150' title='bbox 714 2578 794 2642; x_wconf 90' lang='lat' dir='ltr'><strong>buit.</strong></span> <span class='ocrx_word' id='word_1_151' title='bbox 819 2576 887 2641; x_wconf 91' lang='lat' dir='ltr'><strong>PH.</strong></span> <span class='ocrx_word' id='word_1_152' title='bbox 908 2578 962 2661; x_wconf 92' lang='lat' dir='ltr'><strong>qui</strong></span> <span class='ocrx_word' id='word_1_153' title='bbox 982 2599 1052 2641; x_wconf 89' lang='lat' dir='ltr'><strong>eam</strong></span> <span class='ocrx_word' id='word_1_154' title='bbox 1073 2574 1235 2659; x_wconf 77' lang='lat' dir='ltr'><strong>perdidit?</strong></span> 
     </span>
    </p>
   </div>
   <div class='ocr_carea' id='block_1_4' title="bbox 125 2716 1345 4410">
    <p class='ocr_par' dir='ltr' id='par_1_7' title="bbox 125 2716 1273 3234">
     <span class='ocr_line' id='line_1_22' title="bbox 128 2716 1273 2803; baseline -0.001 -23"><span class='ocrx_word' id='word_1_155' title='bbox 128 2716 238 2801; x_wconf 83' lang='lat' dir='ltr'><strong>Atque</strong></span> <span class='ocrx_word' id='word_1_156' title='bbox 266 2718 380 2783; x_wconf 88' lang='lat' dir='ltr'><strong>talium</strong></span> <span class='ocrx_word' id='word_1_157' title='bbox 407 2719 588 2803; x_wconf 87' lang='lat' dir='ltr'><strong>frequentia</strong></span> <span class='ocrx_word' id='word_1_158' title='bbox 615 2741 653 2785; x_wconf 91' lang='lat' dir='ltr'><strong>eo</strong></span> <span class='ocrx_word' id='word_1_159' title='bbox 681 2721 836 2785; x_wconf 91' lang='lat' dir='ltr'><strong>maiorem</strong></span> <span class='ocrx_word' id='word_1_160' title='bbox 860 2720 900 2784; x_wconf 90' lang='lat' dir='ltr'><strong>ad</strong></span> <span class='ocrx_word' id='word_1_161' title='bbox 924 2718 1007 2783; x_wconf 91' lang='lat' dir='ltr'><strong>hanc</strong></span> <span class='ocrx_word' id='word_1_162' title='bbox 1031 2740 1180 2783; x_wconf 89' lang='lat' dir='ltr'><strong>caussam</strong></span> <span class='ocrx_word' id='word_1_163' title='bbox 1203 2716 1273 2781; x_wconf 89' lang='lat' dir='ltr'><strong>uni·</strong></span> 
     </span>
     <span class='ocr_line' id='line_1_23' title="bbox 126 2823 1273 2912; baseline -0.002 -24"><span class='ocrx_word' id='word_1_164' title='bbox 126 2847 253 2889; x_wconf 88' lang='lat' dir='ltr'><strong>versam</strong></span> <span class='ocrx_word' id='word_1_165' title='bbox 280 2833 367 2891; x_wconf 90' lang='lat' dir='ltr'><strong>recte</strong></span> <span class='ocrx_word' id='word_1_166' title='bbox 391 2827 596 2892; x_wconf 88' lang='lat' dir='ltr'><strong>iudicandam</strong></span> <span class='ocrx_word' id='word_1_167' title='bbox 620 2829 683 2892; x_wconf 89' lang='lat' dir='ltr'><strong>vim</strong></span> <span class='ocrx_word' id='word_1_168' title='bbox 707 2829 819 2910; x_wconf 89' lang='lat' dir='ltr'><strong>habet,</strong></span> <span class='ocrx_word' id='word_1_169' title='bbox 847 2849 910 2912; x_wconf 91' lang='lat' dir='ltr'><strong>quo</strong></span> <span class='ocrx_word' id='word_1_170' title='bbox 941 2828 1069 2912; x_wconf 81' lang='lat' dir='ltr'><strong>aegrius</strong></span> <span class='ocrx_word' id='word_1_171' title='bbox 1093 2847 1153 2890; x_wconf 91' lang='lat' dir='ltr'><strong>nos</strong></span> <span class='ocrx_word' id='word_1_172' title='bbox 1177 2823 1273 2888; x_wconf 89' lang='lat' dir='ltr'><strong>hodie</strong></span> 
     </span>
     <span class='ocr_line' id='line_1_24' title="bbox 125 2933 1272 3019; baseline -0.002 -23"><span class='ocrx_word' id='word_1_173' title='bbox 125 2933 350 3017; x_wconf 84' lang='lat' dir='ltr'><strong>perspicimus,</strong></span> <span class='ocrx_word' id='word_1_174' title='bbox 380 2935 434 3019; x_wconf 89' lang='lat' dir='ltr'><strong>qui</strong></span> <span class='ocrx_word' id='word_1_175' title='bbox 463 2935 593 2999; x_wconf 90' lang='lat' dir='ltr'><strong>tandem</strong></span> <span class='ocrx_word' id='word_1_176' title='bbox 622 2939 765 2999; x_wconf 85' lang='lat' dir='ltr'><strong>veterum</strong></span> <span class='ocrx_word' id='word_1_177' title='bbox 794 2957 846 2999; x_wconf 89' lang='lat' dir='ltr'><strong>ars</strong></span> <span class='ocrx_word' id='word_1_178' title='bbox 875 2934 955 2998; x_wconf 90' lang='lat' dir='ltr'><strong>illud</strong></span> <span class='ocrx_word' id='word_1_179' title='bbox 979 2933 1182 3018; x_wconf 88' lang='lat' dir='ltr'><strong>praestiterit</strong></span> <span class='ocrx_word' id='word_1_180' title='bbox 1205 2953 1272 2995; x_wconf 91' lang='lat' dir='ltr'><strong>om-</strong></span> 
     </span>
     <span class='ocr_line' id='line_1_25' title="bbox 125 3039 1272 3127; baseline 0.001 -26"><span class='ocrx_word' id='word_1_181' title='bbox 125 3039 211 3119; x_wconf 90' lang='lat' dir='ltr'><strong>nino,</strong></span> <span class='ocrx_word' id='word_1_182' title='bbox 234 3047 357 3106; x_wconf 92' lang='lat' dir='ltr'><strong>utnon</strong></span> <span class='ocrx_word' id='word_1_183' title='bbox 380 3042 475 3106; x_wconf 90' lang='lat' dir='ltr'><strong>unius</strong></span> <span class='ocrx_word' id='word_1_184' title='bbox 498 3041 639 3107; x_wconf 90' lang='lat' dir='ltr'><strong>hominis</strong></span> <span class='ocrx_word' id='word_1_185' title='bbox 665 3065 719 3108; x_wconf 90' lang='lat' dir='ltr'><strong>ore</strong></span> <span class='ocrx_word' id='word_1_186' title='bbox 738 3044 887 3127; x_wconf 90' lang='lat' dir='ltr'><strong>prolatae</strong></span> <span class='ocrx_word' id='word_1_187' title='bbox 906 3042 1034 3106; x_wconf 84' lang='lat' dir='ltr'><strong>vocales</strong></span> <span class='ocrx_word' id='word_1_188' title='bbox 1055 3041 1178 3103; x_wconf 83' lang='lat' dir='ltr'><strong>coirent</strong></span> <span class='ocrx_word' id='word_1_189' title='bbox 1200 3061 1272 3122; x_wconf 92' lang='lat' dir='ltr'><strong>pro·</strong></span> 
     </span>
     <span class='ocr_line' id='line_1_26' title="bbox 125 3146 987 3234; baseline 0.003 -26"><span class='ocrx_word' id='word_1_190' title='bbox 125 3146 319 3210; x_wconf 85' lang='lat' dir='ltr'><strong>nuntiando:</strong></span> <span class='ocrx_word' id='word_1_191' title='bbox 343 3148 427 3232; x_wconf 89' lang='lat' dir='ltr'><strong>quod</strong></span> <span class='ocrx_word' id='word_1_192' title='bbox 452 3148 582 3232; x_wconf 89' lang='lat' dir='ltr'><strong>quidem</strong></span> <span class='ocrx_word' id='word_1_193' title='bbox 605 3172 691 3214; x_wconf 91' lang='lat' dir='ltr'><strong>nunc</strong></span> <span class='ocrx_word' id='word_1_194' title='bbox 714 3172 779 3214; x_wconf 92' lang='lat' dir='ltr'><strong>non</strong></span> <span class='ocrx_word' id='word_1_195' title='bbox 803 3171 987 3234; x_wconf 89' lang='lat' dir='ltr'><strong>persequar.</strong></span> 
     </span>
    </p>

    <p class='ocr_par' dir='ltr' id='par_1_8' title="bbox 126 3251 1345 4410">
     <span class='ocr_line' id='line_1_27' title="bbox 214 3251 1272 3340; baseline 0.001 -24"><span class='ocrx_word' id='word_1_196' title='bbox 214 3251 337 3317; x_wconf 86' lang='lat' dir='ltr'><strong>Similis</strong></span> <span class='ocrx_word' id='word_1_197' title='bbox 367 3259 489 3338; x_wconf 87' lang='lat' dir='ltr'><strong>autem,</strong></span> <span class='ocrx_word' id='word_1_198' title='bbox 522 3278 717 3340; x_wconf 87' lang='lat' dir='ltr'><strong>quamquam</strong></span> <span class='ocrx_word' id='word_1_199' title='bbox 751 3279 816 3321; x_wconf 91' lang='lat' dir='ltr'><strong>non</strong></span> <span class='ocrx_word' id='word_1_200' title='bbox 848 3262 915 3320; x_wconf 88' lang='lat' dir='ltr'><strong>tarn</strong></span> <span class='ocrx_word' id='word_1_201' title='bbox 944 3256 1073 3320; x_wconf 84' lang='lat' dir='ltr'><strong>evidens</strong></span> <span class='ocrx_word' id='word_1_202' title='bbox 1102 3274 1272 3339; x_wconf 81' lang='lat' dir='ltr'><strong>argumen-</strong></span> 
     </span>
     <span class='ocr_line' id='line_1_28' title="bbox 126 3360 1271 3446; baseline -0.002 -21"><span class='ocrx_word' id='word_1_203' title='bbox 126 3360 208 3425; x_wconf 91' lang='lat' dir='ltr'><strong>tatio</strong></span> <span class='ocrx_word' id='word_1_204' title='bbox 239 3360 312 3425; x_wconf 91' lang='lat' dir='ltr'><strong>dnci</strong></span> <span class='ocrx_word' id='word_1_205' title='bbox 344 3383 382 3425; x_wconf 85' lang='lat' dir='ltr'><strong>ex</strong></span> <span class='ocrx_word' id='word_1_206' title='bbox 411 3362 766 3427; x_wconf 85' lang='lat' dir='ltr'><strong>exclamationibus</strong></span> <span class='ocrx_word' id='word_1_207' title='bbox 798 3364 928 3446; x_wconf 88' lang='lat' dir='ltr'><strong>poterit.</strong></span> <span class='ocrx_word' id='word_1_208' title='bbox 974 3360 1058 3425; x_wconf 90' lang='lat' dir='ltr'><strong>Nam</strong></span> <span class='ocrx_word' id='word_1_209' title='bbox 1089 3361 1150 3424; x_wconf 83' lang='lat' dir='ltr'><strong>etsi</strong></span> <span class='ocrx_word' id='word_1_210' title='bbox 1180 3383 1271 3424; x_wconf 91' lang='lat' dir='ltr'><strong>num·</strong></span> 
     </span>
     <span class='ocr_line' id='line_1_29' title="bbox 126 3468 1272 3554; baseline -0.002 -23"><span class='ocrx_word' id='word_1_211' title='bbox 126 3488 223 3550; x_wconf 91' lang='lat' dir='ltr'><strong>quarn</strong></span> <span class='ocrx_word' id='word_1_212' title='bbox 252 3490 329 3533; x_wconf 88' lang='lat' dir='ltr'><strong>sane</strong></span> <span class='ocrx_word' id='word_1_213' title='bbox 357 3470 407 3533; x_wconf 90' lang='lat' dir='ltr'><strong>vel</strong></span> <span class='ocrx_word' id='word_1_214' title='bbox 436 3471 661 3554; x_wconf 83' lang='lat' dir='ltr'><strong>monosyllaba</strong></span> <span class='ocrx_word' id='word_1_215' title='bbox 688 3493 705 3534; x_wconf 89' lang='lat'><strong><em>0</em></strong></span> <span class='ocrx_word' id='word_1_216' title='bbox 733 3471 771 3534; x_wconf 82' lang='lat' dir='ltr'><strong>ab</strong></span> <span class='ocrx_word' id='word_1_217' title='bbox 799 3470 839 3534; x_wconf 81' lang='lat' dir='ltr'><strong>ab</strong></span> <span class='ocrx_word' id='word_1_218' title='bbox 866 3470 908 3534; x_wconf 84' lang='lat' dir='ltr'><strong>hu</strong></span> <span class='ocrx_word' id='word_1_219' title='bbox 935 3470 997 3533; x_wconf 75' lang='lat' dir='ltr'><strong>arula</strong></span> <span class='ocrx_word' id='word_1_220' title='bbox 1020 3469 1078 3533; x_wconf 83' lang='lat' dir='ltr'><strong>heu</strong></span> <span class='ocrx_word' id='word_1_221' title='bbox 1099 3468 1148 3532; x_wconf 74' lang='lat' dir='ltr'><strong>liei</strong></span> <span class='ocrx_word' id='word_1_222' title='bbox 1170 3489 1212 3532; x_wconf 74' lang='lat' dir='ltr'><strong>ort</strong></span> <span class='ocrx_word' id='word_1_223' title='bbox 1236 3489 1272 3532; x_wconf 85' lang='lat' dir='ltr'><strong>cu</strong></span> 
     </span>
     <span class='ocr_line' id='line_1_30' title="bbox 127 3574 1273 3664; baseline 0.001 -27"><span class='ocrx_word' id='word_1_224' title='bbox 127 3575 176 3638; x_wconf 86' lang='lat' dir='ltr'><strong>vel</strong></span> <span class='ocrx_word' id='word_1_225' title='bbox 204 3574 267 3638; x_wconf 74' lang='lat' dir='ltr'><strong>ulio</strong></span> <span class='ocrx_word' id='word_1_226' title='bbox 293 3576 374 3640; x_wconf 80' lang='lat' dir='ltr'><strong>outo</strong></span> <span class='ocrx_word' id='word_1_227' title='bbox 403 3577 475 3641; x_wconf 77' lang='lat' dir='ltr'><strong>eheu</strong></span> <span class='ocrx_word' id='word_1_228' title='bbox 500 3576 602 3663; x_wconf 84' lang='lat' dir='ltr'><strong>(Trin.</strong></span> <span class='ocrx_word' id='word_1_229' title='bbox 626 3579 706 3664; x_wconf 84' lang='lat'>503)</span> <span class='ocrx_word' id='word_1_230' title='bbox 735 3579 815 3643; x_wconf 89' lang='lat' dir='ltr'><strong>elisa</strong></span> <span class='ocrx_word' id='word_1_231' title='bbox 843 3584 933 3642; x_wconf 89' lang='lat' dir='ltr'><strong>sunt:</strong></span> <span class='ocrx_word' id='word_1_232' title='bbox 961 3583 1072 3642; x_wconf 89' lang='lat' dir='ltr'><strong>tamen</strong></span> <span class='ocrx_word' id='word_1_233' title='bbox 1100 3598 1165 3641; x_wconf 90' lang='lat' dir='ltr'><strong>non</strong></span> <span class='ocrx_word' id='word_1_234' title='bbox 1192 3575 1273 3639; x_wconf 90' lang='lat' dir='ltr'><strong>talia</strong></span> 
     </span>
     <span class='ocr_line' id='line_1_31' title="bbox 126 3683 1345 3768; baseline 0.004 -24"><span class='ocrx_word' id='word_1_235' title='bbox 126 3684 263 3764; x_wconf 86' lang='lat' dir='ltr'><strong>tantum,</strong></span> <span class='ocrx_word' id='word_1_236' title='bbox 287 3683 380 3766; x_wconf 90' lang='lat' dir='ltr'><strong>quale</strong></span> <span class='ocrx_word' id='word_1_237' title='bbox 405 3691 454 3749; x_wconf 90' lang='lat' dir='ltr'><strong>est</strong></span> <span class='ocrx_word' id='word_1_238' title='bbox 476 3686 581 3768; x_wconf 77' lang='lat' dir='ltr'><strong>hercle,</strong></span> <span class='ocrx_word' id='word_1_239' title='bbox 604 3687 659 3750; x_wconf 91' lang='lat' dir='ltr'><strong>sed</strong></span> <span class='ocrx_word' id='word_1_240' title='bbox 685 3686 781 3750; x_wconf 88' lang='lat' dir='ltr'><strong>etiam</strong></span> <span class='ocrx_word' id='word_1_241' title='bbox 806 3687 859 3750; x_wconf 80' lang='lat' dir='ltr'><strong>elic</strong></span> <span class='ocrx_word' id='word_1_242' title='bbox 883 3688 986 3750; x_wconf 82' lang='lat' dir='ltr'><strong>ateio</strong></span> <span class='ocrx_word' id='word_1_243' title='bbox 1009 3685 1060 3748; x_wconf 89' lang='lat' dir='ltr'><strong>vel</strong></span> <span class='ocrx_word' id='word_1_244' title='bbox 1083 3684 1167 3765; x_wconf 73' lang='lat' dir='ltr'><strong>licio,</strong></span> <span class='ocrx_word' id='word_1_245' title='bbox 1190 3705 1272 3766; x_wconf 91' lang='lat' dir='ltr'><strong>quae</strong></span> <span class='ocrx_word' id='word_1_246' title='bbox 1288 3710 1345 3749; x_wconf 88' lang='lat' dir='ltr'><strong>exo</strong></span> 
     </span>
     <span class='ocr_line' id='line_1_32' title="bbox 127 3791 1273 3877; baseline 0.002 -26"><span class='ocrx_word' id='word_1_247' title='bbox 127 3793 240 3871; x_wconf 87' lang='lat' dir='ltr'><strong>suapte</strong></span> <span class='ocrx_word' id='word_1_248' title='bbox 269 3795 385 3854; x_wconf 87' lang='lat' dir='ltr'><strong>natura</strong></span> <span class='ocrx_word' id='word_1_249' title='bbox 414 3791 527 3856; x_wconf 87' lang='lat' dir='ltr'><strong>iubent</strong></span> <span class='ocrx_word' id='word_1_250' title='bbox 553 3793 693 3857; x_wconf 88' lang='lat' dir='ltr'><strong>inhiberi</strong></span> <span class='ocrx_word' id='word_1_251' title='bbox 722 3815 845 3877; x_wconf 88' lang='lat' dir='ltr'><strong>vocem,</strong></span> <span class='ocrx_word' id='word_1_252' title='bbox 873 3793 959 3856; x_wconf 88' lang='lat' dir='ltr'><strong>haud</strong></span> <span class='ocrx_word' id='word_1_253' title='bbox 987 3814 1060 3856; x_wconf 90' lang='lat' dir='ltr'><strong>raro</strong></span> <span class='ocrx_word' id='word_1_254' title='bbox 1089 3813 1162 3855; x_wconf 90' lang='lat' dir='ltr'><strong>curn</strong></span> <span class='ocrx_word' id='word_1_255' title='bbox 1190 3791 1273 3853; x_wconf 89' lang='lat' dir='ltr'><strong>inse·</strong></span> 
     </span>
     <span class='ocr_line' id='line_1_33' title="bbox 126 3896 1273 3981; baseline 0.001 -22"><span class='ocrx_word' id='word_1_256' title='bbox 126 3898 237 3978; x_wconf 89' lang='lat' dir='ltr'><strong>quenti</strong></span> <span class='ocrx_word' id='word_1_257' title='bbox 261 3898 364 3962; x_wconf 87' lang='lat' dir='ltr'><strong>vocali</strong></span> <span class='ocrx_word' id='word_1_258' title='bbox 388 3899 585 3963; x_wconf 89' lang='lat' dir='ltr'><strong>coaluerunt.</strong></span> <span class='ocrx_word' id='word_1_259' title='bbox 624 3898 724 3963; x_wconf 89' lang='lat' dir='ltr'><strong>Velut</strong></span> <span class='ocrx_word' id='word_1_260' title='bbox 746 3900 799 3963; x_wconf 80' lang='lat' dir='ltr'><strong>eto</strong></span> <span class='ocrx_word' id='word_1_261' title='bbox 823 3923 894 3964; x_wconf 90' lang='lat' dir='ltr'><strong>curn</strong></span> <span class='ocrx_word' id='word_1_262' title='bbox 915 3900 993 3964; x_wconf 87' lang='lat' dir='ltr'><strong>alibi</strong></span> <span class='ocrx_word' id='word_1_263' title='bbox 1013 3905 1082 3963; x_wconf 87' lang='lat' dir='ltr'><strong>turn</strong></span> <span class='ocrx_word' id='word_1_264' title='bbox 1103 3898 1197 3981; x_wconf 85' lang='lat' dir='ltr'><strong>Epid.</strong></span> <span class='ocrx_word' id='word_1_265' title='bbox 1216 3896 1273 3980; x_wconf 90' lang='lat' dir='ltr'><strong>IV,</strong></span> 
     </span>
     <span class='ocr_line' id='line_1_34' title="bbox 129 4003 1272 4089; baseline 0.001 -23"><span class='ocrx_word' id='word_1_266' title='bbox 129 4005 161 4085; x_wconf 96' lang='lat' dir='ltr'><strong>l,</strong></span> <span class='ocrx_word' id='word_1_267' title='bbox 184 4003 228 4068; x_wconf 85' lang='lat'><strong>40</strong></span> <span class='ocrx_word' id='word_1_268' title='bbox 255 4005 308 4069; x_wconf 81' lang='lat' dir='ltr'><strong>ebo</strong></span> <span class='ocrx_word' id='word_1_269' title='bbox 337 4007 441 4089; x_wconf 83' lang='lat' dir='ltr'><strong>istinc,</strong></span> <span class='ocrx_word' id='word_1_270' title='bbox 468 4006 565 4070; x_wconf 90' lang='lat' dir='ltr'><strong>Poen.</strong></span> <span class='ocrx_word' id='word_1_271' title='bbox 588 4003 617 4087; x_wconf 92' lang='lat'><strong>1,</strong></span> <span class='ocrx_word' id='word_1_272' title='bbox 641 4007 675 4087; x_wconf 79' lang='lat'><strong>2,</strong></span> <span class='ocrx_word' id='word_1_273' title='bbox 700 4007 740 4070; x_wconf 84' lang='lat'><strong>51</strong></span> <span class='ocrx_word' id='word_1_274' title='bbox 771 4008 824 4070; x_wconf 83' lang='lat' dir='ltr'><strong>ebo</strong></span> <span class='ocrx_word' id='word_1_275' title='bbox 846 4008 969 4089; x_wconf 71' lang='lat' dir='ltr'><strong>ainoho,</strong></span> <span class='ocrx_word' id='word_1_276' title='bbox 999 4007 1040 4070; x_wconf 89' lang='lat' dir='ltr'><strong>ib.</strong></span> <span class='ocrx_word' id='word_1_277' title='bbox 1069 4007 1127 4069; x_wconf 76' lang='lat'><strong>121</strong></span> <span class='ocrx_word' id='word_1_278' title='bbox 1153 4005 1206 4069; x_wconf 77' lang='lat' dir='ltr'><strong>ebo</strong></span> <span class='ocrx_word' id='word_1_279' title='bbox 1229 4026 1272 4067; x_wconf 78' lang='lat' dir='ltr'><strong>oa</strong></span> 
     </span>
     <span class='ocr_line' id='line_1_35' title="bbox 126 4110 1272 4195; baseline 0.002 -23"><span class='ocrx_word' id='word_1_280' title='bbox 126 4110 244 4192; x_wconf 75' lang='lat' dir='ltr'><strong>irotu&#39;S,</strong></span> <span class='ocrx_word' id='word_1_281' title='bbox 268 4111 325 4195; x_wconf 89' lang='lat' dir='ltr'><strong>IV,</strong></span> <span class='ocrx_word' id='word_1_282' title='bbox 340 4113 370 4194; x_wconf 87' lang='lat'><strong>3,</strong></span> <span class='ocrx_word' id='word_1_283' title='bbox 388 4114 427 4177; x_wconf 84' lang='grc'><strong>14</strong></span> <span class='ocrx_word' id='word_1_284' title='bbox 445 4113 498 4176; x_wconf 84' lang='lat' dir='ltr'><strong>ebo</strong></span> <span class='ocrx_word' id='word_1_285' title='bbox 517 4134 559 4176; x_wconf 83' lang='lat' dir='ltr'><strong>ou</strong></span> <span class='ocrx_word' id='word_1_286' title='bbox 578 4115 653 4190; x_wconf 80' lang='lat' dir='ltr'><strong>tom,</strong></span> <span class='ocrx_word' id='word_1_287' title='bbox 676 4113 755 4177; x_wconf 87' lang='lat' dir='ltr'><strong>Rud.</strong></span> <span class='ocrx_word' id='word_1_288' title='bbox 771 4112 813 4190; x_wconf 90' lang='lat' dir='ltr'><strong>ll,</strong></span> <span class='ocrx_word' id='word_1_289' title='bbox 833 4114 862 4195; x_wconf 80' lang='lat'><strong>7,</strong></span> <span class='ocrx_word' id='word_1_290' title='bbox 881 4115 924 4177; x_wconf 75' lang='lat'><strong>20</strong></span> <span class='ocrx_word' id='word_1_291' title='bbox 942 4113 994 4177; x_wconf 78' lang='lat' dir='ltr'><strong>eho</strong></span> <span class='ocrx_word' id='word_1_292' title='bbox 1013 4133 1056 4175; x_wconf 81' lang='lat' dir='ltr'><strong>ou</strong></span> <span class='ocrx_word' id='word_1_293' title='bbox 1075 4117 1102 4174; x_wconf 83' lang='lat' dir='ltr'><strong>te</strong></span> <span class='ocrx_word' id='word_1_294' title='bbox 1119 4113 1272 4193; x_wconf 81' lang='lat' dir='ltr'><strong>paenitet:</strong></span> 
     </span>
     <span class='ocr_line' id='line_1_36' title="bbox 126 4217 1270 4303; baseline 0.002 -23"><span class='ocrx_word' id='word_1_295' title='bbox 126 4239 203 4280; x_wconf 90' lang='lat' dir='ltr'><strong>nam</strong></span> <span class='ocrx_word' id='word_1_296' title='bbox 231 4217 317 4282; x_wconf 81' lang='lat' dir='ltr'><strong>Trin.</strong></span> <span class='ocrx_word' id='word_1_297' title='bbox 347 4219 411 4283; x_wconf 82' lang='lat'><strong>943</strong></span> <span class='ocrx_word' id='word_1_298' title='bbox 440 4219 584 4285; x_wconf 89' lang='lat' dir='ltr'><strong>insiticia</strong></span> <span class='ocrx_word' id='word_1_299' title='bbox 612 4224 662 4284; x_wconf 91' lang='lat' dir='ltr'><strong>est</strong></span> <span class='ocrx_word' id='word_1_300' title='bbox 691 4242 728 4283; x_wconf 89' lang='lat' dir='ltr'><strong>ea</strong></span> <span class='ocrx_word' id='word_1_301' title='bbox 757 4219 918 4302; x_wconf 88' lang='lat' dir='ltr'><strong>particula</strong></span> <span class='ocrx_word' id='word_1_302' title='bbox 943 4219 996 4300; x_wconf 89' lang='lat' dir='ltr'><strong>[cf.</strong></span> <span class='ocrx_word' id='word_1_303' title='bbox 1017 4241 1114 4302; x_wconf 89' lang='lat' dir='ltr'><strong>snpra</strong></span> <span class='ocrx_word' id='word_1_304' title='bbox 1137 4241 1167 4303; x_wconf 94' lang='lat' dir='ltr'><strong>p.</strong></span> <span class='ocrx_word' id='word_1_305' title='bbox 1190 4219 1270 4299; x_wconf 84' lang='lat'>416]</span> 
     </span>
     <span class='ocr_line' id='line_1_37' title="bbox 127 4324 985 4410; baseline 0.002 -23"><span class='ocrx_word' id='word_1_306' title='bbox 127 4328 163 4387; x_wconf 92' lang='lat' dir='ltr'><strong>ut</strong></span> <span class='ocrx_word' id='word_1_307' title='bbox 187 4324 267 4390; x_wconf 90' lang='lat' dir='ltr'><strong>alibi</strong></span> <span class='ocrx_word' id='word_1_308' title='bbox 290 4325 496 4409; x_wconf 88' lang='lat' dir='ltr'><strong>aliquotiens,</strong></span> <span class='ocrx_word' id='word_1_309' title='bbox 519 4326 654 4391; x_wconf 89' lang='lat' dir='ltr'><strong>Poennli</strong></span> <span class='ocrx_word' id='word_1_310' title='bbox 679 4330 787 4390; x_wconf 89' lang='lat' dir='ltr'><strong>autern</strong></span> <span class='ocrx_word' id='word_1_311' title='bbox 811 4324 850 4409; x_wconf 88' lang='lat' dir='ltr'><strong>V,</strong></span> <span class='ocrx_word' id='word_1_312' title='bbox 873 4327 903 4410; x_wconf 84' lang='lat'><strong>3,</strong></span> <span class='ocrx_word' id='word_1_313' title='bbox 930 4328 985 4389; x_wconf 79' lang='lat'><strong>17:</strong></span> 
     </span>
    </p>
   </div>
   <div class='ocr_carea' id='block_1_5' title="bbox 215 4462 1270 4553">
    <p class='ocr_par' dir='ltr' id='par_1_9' title="bbox 215 4462 1270 4553">
     <span class='ocr_line' id='line_1_38' title="bbox 215 4462 1270 4553; baseline 0.003 -21"><span class='ocrx_word' id='word_1_314' title='bbox 215 4467 302 4550; x_wconf 86' lang='lat' dir='ltr'><strong>Eho,</strong></span> <span class='ocrx_word' id='word_1_315' title='bbox 331 4489 373 4531; x_wconf 90' lang='lat' dir='ltr'><strong>an</strong></span> <span class='ocrx_word' id='word_1_316' title='bbox 400 4462 494 4532; x_wconf 84' lang='lat' dir='ltr'><strong>hdiua</strong></span> <span class='ocrx_word' id='word_1_317' title='bbox 524 4474 600 4533; x_wconf 90' lang='lat' dir='ltr'><strong>sunt</strong></span> <span class='ocrx_word' id='word_1_318' title='bbox 628 4470 702 4533; x_wconf 89' lang='lat' dir='ltr'><strong>illae</strong></span> <span class='ocrx_word' id='word_1_319' title='bbox 730 4465 848 4532; x_wconf 79' lang='lat' dir='ltr'><strong>tiliae?</strong></span> <span class='ocrx_word' id='word_1_320' title='bbox 879 4466 933 4533; x_wconf 84' lang='lat' dir='ltr'><strong>Gl.</strong></span> <span class='ocrx_word' id='word_1_321' title='bbox 957 4469 1004 4532; x_wconf 87' lang='lat' dir='ltr'><strong>ita</strong></span> <span class='ocrx_word' id='word_1_322' title='bbox 1030 4469 1078 4532; x_wconf 90' lang='lat' dir='ltr'><strong>uti</strong></span> <span class='ocrx_word' id='word_1_323' title='bbox 1102 4468 1270 4553; x_wconf 81' lang='lat' dir='ltr'><strong>prae&#39;dicas</strong></span> 
     </span>
    </p>
   </div>
   <div class='ocr_carea' id='block_1_6' title="bbox 0 0 1498 5010">
    <p class='ocr_par' dir='ltr' id='par_1_10' title="bbox 0 0 1498 5010">
     <span class='ocr_line' id='line_1_39' title="bbox 0 0 1498 5010; baseline 0 0"><span class='ocrx_word' id='word_1_324' title='bbox 0 0 1498 5010; x_wconf 95' lang='lat' dir='ltr'><strong> </strong></span> 
     </span>
    </p>
   </div>
  </div>
 </body>
</html>
