<?xml version="1.0" encoding="UTF-8"?>
<!DOCTYPE html PUBLIC "-//W3C//DTD XHTML 1.0 Transitional//EN"
    "http://www.w3.org/TR/xhtml1/DTD/xhtml1-transitional.dtd">
<html xmlns="http://www.w3.org/1999/xhtml" xml:lang="en" lang="en">
 <head>
  <title>
</title>
<meta http-equiv="Content-Type" content="text/html;charset=utf-8" />
  <meta name='ocr-system' content='tesseract 3.04.00' />
  <meta name='ocr-capabilities' content='ocr_page ocr_carea ocr_par ocr_line ocrx_word'/>
</head>
<body>
  <div class='ocr_page' id='page_1' title='image "./fridericiritsch05wachgoog_0781.png"; bbox 0 0 2910 5010; ppageno 0'>
   <div class='ocr_carea' id='block_1_1' title="bbox 239 353 883 420">
    <p class='ocr_par' dir='ltr' id='par_1_1' title="bbox 239 353 883 420">
     <span class='ocr_line' id='line_1_1' title="bbox 239 353 883 420; baseline -0.002 -1"><span class='ocrx_word' id='word_1_1' title='bbox 239 353 304 420; x_wconf 78' lang='grc'><strong>764</strong></span> <span class='ocrx_word' id='word_1_2' title='bbox 731 370 883 419; x_wconf 74' lang='lat' dir='ltr'><strong>suusne.</strong></span> 
     </span>
    </p>
   </div>
   <div class='ocr_carea' id='block_1_2' title="bbox 239 514 1383 814">
    <p class='ocr_par' dir='ltr' id='par_1_2' title="bbox 239 514 1383 814">
     <span class='ocr_line' id='line_1_2' title="bbox 243 514 1383 599; baseline 0.001 -21"><span class='ocrx_word' id='word_1_3' title='bbox 243 515 365 579; x_wconf 90' lang='lat' dir='ltr'><strong>destius</strong></span> <span class='ocrx_word' id='word_1_4' title='bbox 381 514 585 598; x_wconf 86' lang='lat' dir='ltr'><strong>superbiatis,</strong></span> <span class='ocrx_word' id='word_1_5' title='bbox 609 515 689 579; x_wconf 90' lang='lat' dir='ltr'><strong>bene</strong></span> <span class='ocrx_word' id='word_1_6' title='bbox 704 535 864 579; x_wconf 84' lang='lat' dir='ltr'>memores</span> <span class='ocrx_word' id='word_1_7' title='bbox 887 518 963 599; x_wconf 90' lang='lat' dir='ltr'><strong>post</strong></span> <span class='ocrx_word' id='word_1_8' title='bbox 980 535 1040 578; x_wconf 91' lang='lat' dir='ltr'><strong>nos</strong></span> <span class='ocrx_word' id='word_1_9' title='bbox 1059 537 1193 599; x_wconf 90' lang='lat' dir='ltr'><strong>quoque</strong></span> <span class='ocrx_word' id='word_1_10' title='bbox 1212 516 1383 581; x_wconf 85' lang='lat' dir='ltr'><strong>exstituros</strong></span> 
     </span>
     <span class='ocr_line' id='line_1_3' title="bbox 239 620 1382 706; baseline 0.003 -22"><span class='ocrx_word' id='word_1_11' title='bbox 239 620 310 705; x_wconf 88' lang='lat' dir='ltr'><strong>qui,</strong></span> <span class='ocrx_word' id='word_1_12' title='bbox 340 625 461 705; x_wconf 86' lang='lat' dir='ltr'><strong>quanto</strong></span> <span class='ocrx_word' id='word_1_13' title='bbox 484 644 544 686; x_wconf 93' lang='lat' dir='ltr'><strong>nos</strong></span> <span class='ocrx_word' id='word_1_14' title='bbox 568 622 738 686; x_wconf 88' lang='lat' dir='ltr'><strong>intervallo</strong></span> <span class='ocrx_word' id='word_1_15' title='bbox 766 622 855 704; x_wconf 87' lang='lat' dir='ltr'><strong>illos,</strong></span> <span class='ocrx_word' id='word_1_16' title='bbox 882 625 976 685; x_wconf 77' lang='lat' dir='ltr'><strong>tanto</strong></span> <span class='ocrx_word' id='word_1_17' title='bbox 1000 626 1131 686; x_wconf 78' lang='lat' dir='ltr'>nosmet</span> <span class='ocrx_word' id='word_1_18' title='bbox 1155 643 1244 705; x_wconf 90' lang='lat' dir='ltr'><strong>pone</strong></span> <span class='ocrx_word' id='word_1_19' title='bbox 1268 645 1303 687; x_wconf 91' lang='lat' dir='ltr'><strong>se</strong></span> <span class='ocrx_word' id='word_1_20' title='bbox 1325 623 1382 706; x_wconf 92' lang='lat' dir='ltr'><strong>ipsi</strong></span> 
     </span>
     <span class='ocr_line' id='line_1_4' title="bbox 240 728 599 814; baseline 0.006 -23"><span class='ocrx_word' id='word_1_21' title='bbox 240 728 432 814; x_wconf 79' lang='lat' dir='ltr'><strong>relinquant.</strong></span> <span class='ocrx_word' id='word_1_22' title='bbox 478 728 599 793; x_wconf 85' lang='lat' dir='ltr'><strong>Valete.</strong></span> 
     </span>
    </p>
   </div>
   <div class='ocr_carea' id='block_1_3' title="bbox 240 1140 1383 1340">
    <p class='ocr_par' dir='ltr' id='par_1_3' title="bbox 240 1140 1383 1340">
     <span class='ocr_line' id='line_1_5' title="bbox 240 1140 1383 1228; baseline 0.003 -21"><span class='ocrx_word' id='word_1_23' title='bbox 240 1140 401 1207; x_wconf 84' lang='lat' dir='ltr'><strong>Schluss</strong></span> <span class='ocrx_word' id='word_1_24' title='bbox 435 1141 499 1205; x_wconf 91' lang='lat' dir='ltr'><strong>des</strong></span> <span class='ocrx_word' id='word_1_25' title='bbox 531 1142 775 1228; x_wconf 88' lang='lat' dir='ltr'><strong>Programms</strong></span> <span class='ocrx_word' id='word_1_26' title='bbox 805 1143 1008 1228; x_wconf 75' lang='lat' dir='ltr'><strong>‘Disputatio</strong></span> <span class='ocrx_word' id='word_1_27' title='bbox 1036 1143 1075 1208; x_wconf 91' lang='lat' dir='ltr'><strong>de</strong></span> <span class='ocrx_word' id='word_1_28' title='bbox 1099 1148 1275 1228; x_wconf 85' lang='lat' dir='ltr'><strong>poetarum</strong></span> <span class='ocrx_word' id='word_1_29' title='bbox 1298 1144 1383 1210; x_wconf 83' lang='lat' dir='ltr'><strong>testi-</strong></span> 
     </span>
     <span class='ocr_line' id='line_1_6' title="bbox 298 1248 1335 1340; baseline 0.007 -29"><span class='ocrx_word' id='word_1_30' title='bbox 298 1248 418 1314; x_wconf 84' lang='lat' dir='ltr'><strong>moniis</strong></span> <span class='ocrx_word' id='word_1_31' title='bbox 442 1271 524 1332; x_wconf 88' lang='lat' dir='ltr'><strong>quae</strong></span> <span class='ocrx_word' id='word_1_32' title='bbox 548 1251 682 1315; x_wconf 91' lang='lat' dir='ltr'><strong>suntin</strong></span> <span class='ocrx_word' id='word_1_33' title='bbox 706 1251 775 1314; x_wconf 85' lang='lat' dir='ltr'><strong>vita</strong></span> <span class='ocrx_word' id='word_1_34' title='bbox 798 1250 942 1315; x_wconf 80' lang='lat' dir='ltr'><strong>Terentii</strong></span> <span class='ocrx_word' id='word_1_35' title='bbox 965 1249 1181 1317; x_wconf 82' lang='lat' dir='ltr'><strong>Suetoniana&#39;</strong></span> <span class='ocrx_word' id='word_1_36' title='bbox 1205 1250 1335 1340; x_wconf 77' lang='lat'>(1859).</span> 
     </span>
    </p>
   </div>
   <div class='ocr_carea' id='block_1_4' title="bbox 240 1390 1383 3625">
    <p class='ocr_par' dir='ltr' id='par_1_4' title="bbox 240 1390 1383 3625">
     <span class='ocr_line' id='line_1_7' title="bbox 329 1390 1383 1477; baseline 0.003 -23"><span class='ocrx_word' id='word_1_37' title='bbox 329 1390 575 1456; x_wconf 88' lang='lat' dir='ltr'><strong>Percensuimus</strong></span> <span class='ocrx_word' id='word_1_38' title='bbox 599 1394 733 1476; x_wconf 88' lang='lat' dir='ltr'><strong>quaein</strong></span> <span class='ocrx_word' id='word_1_39' title='bbox 753 1393 893 1457; x_wconf 90' lang='lat' dir='ltr'><strong>medium</strong></span> <span class='ocrx_word' id='word_1_40' title='bbox 912 1394 1042 1477; x_wconf 86' lang='lat' dir='ltr'><strong>prolata</strong></span> <span class='ocrx_word' id='word_1_41' title='bbox 1061 1398 1137 1458; x_wconf 91' lang='lat' dir='ltr'><strong>sunt</strong></span> <span class='ocrx_word' id='word_1_42' title='bbox 1156 1395 1284 1459; x_wconf 91' lang='lat' dir='ltr'><strong>omnia:</strong></span> <span class='ocrx_word' id='word_1_43' title='bbox 1308 1393 1383 1458; x_wconf 86' lang='lat' dir='ltr'><strong>satis</strong></span> 
     </span>
     <span class='ocr_line' id='line_1_8' title="bbox 240 1498 1382 1585; baseline 0.001 -21"><span class='ocrx_word' id='word_1_44' title='bbox 240 1500 344 1564; x_wconf 84' lang='lat' dir='ltr'><strong>facere</strong></span> <span class='ocrx_word' id='word_1_45' title='bbox 375 1498 456 1563; x_wconf 91' lang='lat' dir='ltr'><strong>nihil</strong></span> <span class='ocrx_word' id='word_1_46' title='bbox 489 1500 717 1585; x_wconf 81' lang='lat' dir='ltr'><strong>intelleximus.</strong></span> <span class='ocrx_word' id='word_1_47' title='bbox 763 1501 868 1566; x_wconf 89' lang='lat' dir='ltr'><strong>Multa</strong></span> <span class='ocrx_word' id='word_1_48' title='bbox 899 1501 1074 1566; x_wconf 80' lang='lat' dir='ltr'><strong>identidem</strong></span> <span class='ocrx_word' id='word_1_49' title='bbox 1112 1502 1382 1567; x_wconf 87' lang='lat' dir='ltr'><strong>comminiscendo</strong></span> 
     </span>
     <span class='ocr_line' id='line_1_9' title="bbox 240 1609 1382 1695; baseline 0 -22"><span class='ocrx_word' id='word_1_50' title='bbox 240 1609 491 1674; x_wconf 84' lang='lat' dir='ltr'><strong>coniectavimus</strong></span> <span class='ocrx_word' id='word_1_51' title='bbox 515 1610 592 1693; x_wconf 89' lang='lat' dir='ltr'><strong>ipsi:</strong></span> <span class='ocrx_word' id='word_1_52' title='bbox 616 1633 680 1675; x_wconf 90' lang='lat' dir='ltr'><strong>non</strong></span> <span class='ocrx_word' id='word_1_53' title='bbox 705 1633 809 1695; x_wconf 89' lang='lat' dir='ltr'><strong>panca</strong></span> <span class='ocrx_word' id='word_1_54' title='bbox 832 1610 971 1674; x_wconf 89' lang='lat' dir='ltr'><strong>consulti</strong></span> <span class='ocrx_word' id='word_1_55' title='bbox 996 1609 1034 1672; x_wconf 89' lang='lat' dir='ltr'><strong>de</strong></span> <span class='ocrx_word' id='word_1_56' title='bbox 1057 1609 1120 1673; x_wconf 89' lang='lat' dir='ltr'><strong>hac</strong></span> <span class='ocrx_word' id='word_1_57' title='bbox 1145 1610 1269 1693; x_wconf 86' lang='grc' dir='ltr'>ἀπορίᾳ</span> <span class='ocrx_word' id='word_1_58' title='bbox 1293 1609 1382 1675; x_wconf 88' lang='lat' dir='ltr'><strong>amici</strong></span> 
     </span>
     <span class='ocr_line' id='line_1_10' title="bbox 242 1716 1382 1803; baseline -0.002 -21"><span class='ocrx_word' id='word_1_59' title='bbox 242 1717 411 1803; x_wconf 88' lang='lat' dir='ltr'><strong>nobiscum</strong></span> <span class='ocrx_word' id='word_1_60' title='bbox 440 1717 734 1781; x_wconf 86' lang='lat' dir='ltr'><strong>communicarunt:</strong></span> <span class='ocrx_word' id='word_1_61' title='bbox 772 1716 925 1801; x_wconf 87' lang='lat' dir='ltr'><strong>opinandi</strong></span> <span class='ocrx_word' id='word_1_62' title='bbox 949 1716 1201 1800; x_wconf 79' lang='lat' dir='ltr'><strong>ambiguitatem</strong></span> <span class='ocrx_word' id='word_1_63' title='bbox 1226 1717 1316 1801; x_wconf 90' lang='lat' dir='ltr'><strong>quod</strong></span> <span class='ocrx_word' id='word_1_64' title='bbox 1336 1740 1382 1780; x_wconf 90' lang='lat' dir='ltr'><strong>su·</strong></span> 
     </span>
     <span class='ocr_line' id='line_1_11' title="bbox 241 1809 1381 1909; baseline 0 -21"><span class='ocrx_word' id='word_1_65' title='bbox 241 1828 378 1908; x_wconf 78' lang='lat' dir='ltr'><strong>peraret,</strong></span> <span class='ocrx_word' id='word_1_66' title='bbox 401 1825 566 1888; x_wconf 82' lang='lat' dir='ltr'><strong>inventum</strong></span> <span class='ocrx_word' id='word_1_67' title='bbox 591 1827 641 1887; x_wconf 90' lang='lat' dir='ltr'><strong>est</strong></span> <span class='ocrx_word' id='word_1_68' title='bbox 663 1824 754 1888; x_wconf 89' lang='lat' dir='ltr'><strong>nihil.</strong></span> <span class='ocrx_word' id='word_1_69' title='bbox 790 1824 875 1889; x_wconf 86' lang='lat' dir='ltr'><strong>Fieri</strong></span> <span class='ocrx_word' id='word_1_70' title='bbox 899 1828 1008 1909; x_wconf 89' lang='lat' dir='ltr'><strong>potest</strong></span> <span class='ocrx_word' id='word_1_71' title='bbox 1025 1809 1109 1889; x_wconf 82' lang='lat' dir='ltr'><strong>sane</strong></span> <span class='ocrx_word' id='word_1_72' title='bbox 1132 1829 1171 1889; x_wconf 90' lang='lat' dir='ltr'><strong>ut</strong></span> <span class='ocrx_word' id='word_1_73' title='bbox 1193 1824 1264 1889; x_wconf 81' lang='lat' dir='ltr'><strong>sire</strong></span> <span class='ocrx_word' id='word_1_74' title='bbox 1279 1824 1381 1909; x_wconf 85' lang='lat' dir='ltr'><strong>Valgii</strong></span> 
     </span>
     <span class='ocr_line' id='line_1_12' title="bbox 242 1930 1382 2017; baseline -0.001 -21"><span class='ocrx_word' id='word_1_75' title='bbox 242 1933 310 1997; x_wconf 85' lang='lat' dir='ltr'><strong>sive</strong></span> <span class='ocrx_word' id='word_1_76' title='bbox 344 1932 427 1996; x_wconf 86' lang='lat' dir='ltr'><strong>alius</strong></span> <span class='ocrx_word' id='word_1_77' title='bbox 461 1931 626 1996; x_wconf 85' lang='lat' dir='ltr'><strong>cuiusdam</strong></span> <span class='ocrx_word' id='word_1_78' title='bbox 660 1933 742 1996; x_wconf 88' lang='lat' dir='ltr'><strong>liber</strong></span> <span class='ocrx_word' id='word_1_79' title='bbox 774 1931 859 2017; x_wconf 85' lang='lat' dir='ltr'><strong>(sive</strong></span> <span class='ocrx_word' id='word_1_80' title='bbox 891 1932 1013 1996; x_wconf 89' lang='lat' dir='ltr'><strong>linitius</strong></span> <span class='ocrx_word' id='word_1_81' title='bbox 1042 1930 1225 1997; x_wconf 74' lang='lat' dir='ltr'><strong>‘libellum‘</strong></span> <span class='ocrx_word' id='word_1_82' title='bbox 1255 1931 1382 2015; x_wconf 73' lang='lat' dir='ltr'><strong>dixeris)</strong></span> 
     </span>
     <span class='ocr_line' id='line_1_13' title="bbox 242 2039 1381 2125; baseline -0.002 -22"><span class='ocrx_word' id='word_1_83' title='bbox 242 2040 404 2104; x_wconf 83' lang='lat' dir='ltr'><strong>exstiterit</strong></span> <span class='ocrx_word' id='word_1_84' title='bbox 423 2039 547 2104; x_wconf 77' lang='lat' dir='ltr'><strong>‘Actio’</strong></span> <span class='ocrx_word' id='word_1_85' title='bbox 568 2040 751 2124; x_wconf 84' lang='lat' dir='ltr'><strong>inscriptus,</strong></span> <span class='ocrx_word' id='word_1_86' title='bbox 774 2062 838 2125; x_wconf 89' lang='lat' dir='ltr'><strong>qno</strong></span> <span class='ocrx_word' id='word_1_87' title='bbox 861 2040 916 2103; x_wconf 93' lang='lat' dir='ltr'><strong>ille</strong></span> <span class='ocrx_word' id='word_1_88' title='bbox 935 2044 1080 2103; x_wconf 85' lang='lat' dir='ltr'><strong>veterum</strong></span> <span class='ocrx_word' id='word_1_89' title='bbox 1104 2043 1279 2122; x_wconf 85' lang='lat' dir='ltr'><strong>poetarum</strong></span> <span class='ocrx_word' id='word_1_90' title='bbox 1302 2040 1381 2103; x_wconf 83' lang='lat' dir='ltr'><strong>furta</strong></span> 
     </span>
     <span class='ocr_line' id='line_1_14' title="bbox 241 2146 1382 2232; baseline -0.002 -21"><span class='ocrx_word' id='word_1_91' title='bbox 241 2148 292 2211; x_wconf 89' lang='lat' dir='ltr'><strong>vel</strong></span> <span class='ocrx_word' id='word_1_92' title='bbox 320 2146 429 2211; x_wconf 87' lang='lat' dir='ltr'><strong>nescio</strong></span> <span class='ocrx_word' id='word_1_93' title='bbox 458 2168 537 2230; x_wconf 86' lang='lat' dir='ltr'><strong>quas</strong></span> <span class='ocrx_word' id='word_1_94' title='bbox 566 2148 644 2211; x_wconf 91' lang='lat' dir='ltr'><strong>alias</strong></span> <span class='ocrx_word' id='word_1_95' title='bbox 672 2148 784 2230; x_wconf 91' lang='lat' dir='ltr'><strong>culpas</strong></span> <span class='ocrx_word' id='word_1_96' title='bbox 809 2147 990 2232; x_wconf 81' lang='lat' dir='ltr'><strong>exagitaret</strong></span> <span class='ocrx_word' id='word_1_97' title='bbox 1011 2148 1073 2211; x_wconf 87' lang='lat' dir='ltr'><strong>hac</strong></span> <span class='ocrx_word' id='word_1_98' title='bbox 1096 2147 1204 2211; x_wconf 90' lang='lat' dir='ltr'><strong>forma</strong></span> <span class='ocrx_word' id='word_1_99' title='bbox 1227 2170 1320 2230; x_wconf 84' lang='lat' dir='ltr'><strong>usus,</strong></span> <span class='ocrx_word' id='word_1_100' title='bbox 1351 2151 1382 2209; x_wconf 88' lang='lat' dir='ltr'><strong>ut</strong></span> 
     </span>
     <span class='ocr_line' id='line_1_15' title="bbox 240 2235 1380 2338; baseline -0.002 -20"><span class='ocrx_word' id='word_1_101' title='bbox 240 2235 406 2337; x_wconf 86' lang='lat' dir='ltr'><strong>tamqnam</strong></span> <span class='ocrx_word' id='word_1_102' title='bbox 445 2257 612 2318; x_wconf 87' lang='lat' dir='ltr'><strong>accusator</strong></span> <span class='ocrx_word' id='word_1_103' title='bbox 649 2254 793 2337; x_wconf 91' lang='lat' dir='ltr'><strong>prodiret</strong></span> <span class='ocrx_word' id='word_1_104' title='bbox 829 2254 1052 2338; x_wconf 77' lang='lat' dir='ltr'><strong>actionemque</strong></span> <span class='ocrx_word' id='word_1_105' title='bbox 1089 2254 1154 2318; x_wconf 86' lang='lat' dir='ltr'><strong>reis</strong></span> <span class='ocrx_word' id='word_1_106' title='bbox 1192 2254 1380 2318; x_wconf 88' lang='lat' dir='ltr'><strong>intenderet:</strong></span> 
     </span>
     <span class='ocr_line' id='line_1_16' title="bbox 240 2359 1379 2447; baseline -0.001 -23"><span class='ocrx_word' id='word_1_107' title='bbox 240 2383 322 2445; x_wconf 91' lang='lat' dir='ltr'><strong>quae</strong></span> <span class='ocrx_word' id='word_1_108' title='bbox 346 2360 409 2424; x_wconf 91' lang='lat' dir='ltr'><strong>nisi</strong></span> <span class='ocrx_word' id='word_1_109' title='bbox 432 2359 574 2424; x_wconf 89' lang='lat' dir='ltr'><strong>fallimur</strong></span> <span class='ocrx_word' id='word_1_110' title='bbox 595 2360 755 2447; x_wconf 84' lang='lat' dir='ltr'><strong>Sohopeni</strong></span> <span class='ocrx_word' id='word_1_111' title='bbox 779 2361 940 2426; x_wconf 87' lang='lat' dir='ltr'><strong>sententia</strong></span> <span class='ocrx_word' id='word_1_112' title='bbox 959 2361 1031 2443; x_wconf 85' lang='lat' dir='ltr'><strong>fuit,</strong></span> <span class='ocrx_word' id='word_1_113' title='bbox 1054 2359 1302 2445; x_wconf 89' lang='lat' dir='ltr'><strong>simplicissima</strong></span> <span class='ocrx_word' id='word_1_114' title='bbox 1324 2359 1379 2424; x_wconf 86' lang='lat' dir='ltr'><strong>ior·</strong></span> 
     </span>
     <span class='ocr_line' id='line_1_17' title="bbox 241 2465 1378 2552; baseline -0.001 -20"><span class='ocrx_word' id='word_1_115' title='bbox 241 2471 328 2532; x_wconf 88' lang='lat' dir='ltr'><strong>tasse</strong></span> <span class='ocrx_word' id='word_1_116' title='bbox 358 2467 511 2532; x_wconf 78' lang='lat' dir='ltr'><strong>omnium,</strong></span> <span class='ocrx_word' id='word_1_117' title='bbox 558 2467 619 2531; x_wconf 85' lang='lat' dir='ltr'><strong>Sed</strong></span> <span class='ocrx_word' id='word_1_118' title='bbox 649 2489 721 2532; x_wconf 89' lang='lat' dir='ltr'><strong>cnm</strong></span> <span class='ocrx_word' id='word_1_119' title='bbox 751 2469 860 2552; x_wconf 88' lang='lat' dir='ltr'><strong>aliqua</strong></span> <span class='ocrx_word' id='word_1_120' title='bbox 883 2472 994 2533; x_wconf 85' lang='lat' dir='ltr'><strong>tamen</strong></span> <span class='ocrx_word' id='word_1_121' title='bbox 1017 2465 1215 2532; x_wconf 85' lang='lat' dir='ltr'><strong>confidentia</strong></span> <span class='ocrx_word' id='word_1_122' title='bbox 1241 2469 1312 2552; x_wconf 87' lang='lat' dir='ltr'><strong>quis</strong></span> <span class='ocrx_word' id='word_1_123' title='bbox 1335 2468 1378 2531; x_wconf 80' lang='lat' dir='ltr'><strong>vel</strong></span> 
     </span>
     <span class='ocr_line' id='line_1_18' title="bbox 241 2574 1378 2661; baseline -0.001 -21"><span class='ocrx_word' id='word_1_124' title='bbox 241 2575 340 2640; x_wconf 92' lang='lat' dir='ltr'><strong>talem</strong></span> <span class='ocrx_word' id='word_1_125' title='bbox 364 2574 583 2640; x_wconf 89' lang='lat' dir='ltr'><strong>coniecturam</strong></span> <span class='ocrx_word' id='word_1_126' title='bbox 607 2575 759 2659; x_wconf 87' lang='lat' dir='ltr'><strong>amplecti</strong></span> <span class='ocrx_word' id='word_1_127' title='bbox 783 2576 883 2659; x_wconf 87' lang='lat' dir='ltr'><strong>ausit,</strong></span> <span class='ocrx_word' id='word_1_128' title='bbox 911 2575 1064 2661; x_wconf 88' lang='lat' dir='ltr'><strong>quamdiu</strong></span> <span class='ocrx_word' id='word_1_129' title='bbox 1094 2597 1159 2638; x_wconf 88' lang='lat' dir='ltr'><strong>non</strong></span> <span class='ocrx_word' id='word_1_130' title='bbox 1189 2575 1300 2660; x_wconf 84' lang='lat' dir='ltr'><strong>aliquo</strong></span> <span class='ocrx_word' id='word_1_131' title='bbox 1323 2575 1378 2639; x_wconf 85' lang='lat' dir='ltr'><strong>sal·</strong></span> 
     </span>
     <span class='ocr_line' id='line_1_19' title="bbox 241 2682 1379 2766; baseline -0.001 -19"><span class='ocrx_word' id='word_1_132' title='bbox 241 2687 307 2747; x_wconf 89' lang='lat' dir='ltr'><strong>tem</strong></span> <span class='ocrx_word' id='word_1_133' title='bbox 340 2683 475 2748; x_wconf 84' lang='lat' dir='ltr'><strong>certiore</strong></span> <span class='ocrx_word' id='word_1_134' title='bbox 507 2682 716 2749; x_wconf 88' lang='lat' dir='ltr'><strong>fundamento</strong></span> <span class='ocrx_word' id='word_1_135' title='bbox 749 2684 873 2749; x_wconf 86' lang='lat' dir='ltr'><strong>nitatur</strong></span> <span class='ocrx_word' id='word_1_136' title='bbox 903 2684 953 2747; x_wconf 83' lang='lat' dir='ltr'><strong>vel</strong></span> <span class='ocrx_word' id='word_1_137' title='bbox 985 2682 1114 2747; x_wconf 88' lang='lat' dir='ltr'><strong>aliunde</strong></span> <span class='ocrx_word' id='word_1_138' title='bbox 1144 2683 1251 2766; x_wconf 90' lang='lat' dir='ltr'><strong>petito</strong></span> <span class='ocrx_word' id='word_1_139' title='bbox 1281 2684 1379 2747; x_wconf 88' lang='lat' dir='ltr'><strong>firma-</strong></span> 
     </span>
     <span class='ocr_line' id='line_1_20' title="bbox 242 2789 1378 2874; baseline -0.001 -20"><span class='ocrx_word' id='word_1_140' title='bbox 242 2793 351 2854; x_wconf 92' lang='lat' dir='ltr'><strong>mento</strong></span> <span class='ocrx_word' id='word_1_141' title='bbox 385 2790 494 2874; x_wconf 89' lang='lat' dir='ltr'><strong>aliquo</strong></span> <span class='ocrx_word' id='word_1_142' title='bbox 528 2791 736 2856; x_wconf 82' lang='lat' dir='ltr'><strong>stabiliatur?</strong></span> <span class='ocrx_word' id='word_1_143' title='bbox 786 2790 899 2874; x_wconf 90' lang='lat' dir='ltr'><strong>Itaque</strong></span> <span class='ocrx_word' id='word_1_144' title='bbox 929 2789 993 2854; x_wconf 93' lang='lat' dir='ltr'><strong>nisi</strong></span> <span class='ocrx_word' id='word_1_145' title='bbox 1022 2790 1098 2874; x_wconf 90' lang='lat' dir='ltr'><strong>quid</strong></span> <span class='ocrx_word' id='word_1_146' title='bbox 1132 2789 1217 2854; x_wconf 84' lang='lat' dir='ltr'><strong>forte</strong></span> <span class='ocrx_word' id='word_1_147' title='bbox 1251 2789 1378 2855; x_wconf 89' lang='lat' dir='ltr'><strong>feliciori</strong></span> 
     </span>
     <span class='ocr_line' id='line_1_21' title="bbox 243 2896 1379 2982; baseline -0.002 -20"><span class='ocrx_word' id='word_1_148' title='bbox 243 2897 383 2962; x_wconf 90' lang='lat' dir='ltr'><strong>aliorum</strong></span> <span class='ocrx_word' id='word_1_149' title='bbox 406 2899 578 2982; x_wconf 83' lang='lat' dir='ltr'><strong>sagacitati</strong></span> <span class='ocrx_word' id='word_1_150' title='bbox 602 2900 720 2963; x_wconf 89' lang='lat' dir='ltr'><strong>rectius</strong></span> <span class='ocrx_word' id='word_1_151' title='bbox 745 2897 950 2980; x_wconf 86' lang='lat' dir='ltr'><strong>successerit,</strong></span> <span class='ocrx_word' id='word_1_152' title='bbox 974 2918 1058 2961; x_wconf 91' lang='lat' dir='ltr'><strong>novo</strong></span> <span class='ocrx_word' id='word_1_153' title='bbox 1081 2896 1144 2961; x_wconf 88' lang='lat' dir='ltr'><strong>hoe</strong></span> <span class='ocrx_word' id='word_1_154' title='bbox 1169 2899 1318 2981; x_wconf 87' lang='lat' dir='ltr'><strong>exemplo</strong></span> <span class='ocrx_word' id='word_1_155' title='bbox 1339 2896 1379 2960; x_wconf 93' lang='lat' dir='ltr'><strong>di·</strong></span> 
     </span>
     <span class='ocr_line' id='line_1_22' title="bbox 242 3002 1378 3087; baseline -0.001 -19"><span class='ocrx_word' id='word_1_156' title='bbox 242 3004 324 3069; x_wconf 90' lang='lat' dir='ltr'><strong>soite</strong></span> <span class='ocrx_word' id='word_1_157' title='bbox 348 3026 417 3069; x_wconf 89' lang='lat' dir='ltr'><strong>esse</strong></span> <span class='ocrx_word' id='word_1_158' title='bbox 441 3006 540 3069; x_wconf 89' lang='lat' dir='ltr'><strong>etiam</strong></span> <span class='ocrx_word' id='word_1_159' title='bbox 564 3004 726 3069; x_wconf 89' lang='lat' dir='ltr'><strong>nesciendi</strong></span> <span class='ocrx_word' id='word_1_160' title='bbox 750 3007 851 3068; x_wconf 89' lang='lat' dir='ltr'><strong>artem</strong></span> <span class='ocrx_word' id='word_1_161' title='bbox 876 3002 1047 3087; x_wconf 84' lang='lat' dir='ltr'><strong>quandam,</strong></span> <span class='ocrx_word' id='word_1_162' title='bbox 1070 3024 1168 3086; x_wconf 91' lang='lat' dir='ltr'><strong>quam</strong></span> <span class='ocrx_word' id='word_1_163' title='bbox 1193 3004 1378 3070; x_wconf 90' lang='lat' dir='ltr'><strong>meministis</strong></span> 
     </span>
     <span class='ocr_line' id='line_1_23' title="bbox 242 3108 1377 3177; baseline 0 -3"><span class='ocrx_word' id='word_1_164' title='bbox 242 3111 455 3176; x_wconf 86' lang='lat' dir='ltr'><strong>saluberrimo</strong></span> <span class='ocrx_word' id='word_1_165' title='bbox 489 3112 621 3177; x_wconf 91' lang='lat' dir='ltr'><strong>consilio</strong></span> <span class='ocrx_word' id='word_1_166' title='bbox 656 3110 879 3176; x_wconf 86' lang='lat' dir='ltr'><strong>commendare</strong></span> <span class='ocrx_word' id='word_1_167' title='bbox 912 3108 1131 3175; x_wconf 85' lang='lat' dir='ltr'><strong>Godofredum</strong></span> <span class='ocrx_word' id='word_1_168' title='bbox 1163 3109 1377 3177; x_wconf 90' lang='lat' dir='ltr'><strong>Hermannum</strong></span> 
     </span>
     <span class='ocr_line' id='line_1_24' title="bbox 241 3217 1378 3302; baseline 0.001 -20"><span class='ocrx_word' id='word_1_169' title='bbox 241 3218 383 3301; x_wconf 91' lang='lat' dir='ltr'><strong>solitum,</strong></span> <span class='ocrx_word' id='word_1_170' title='bbox 406 3217 625 3283; x_wconf 84' lang='lat' dir='ltr'><strong>fecundissimi</strong></span> <span class='ocrx_word' id='word_1_171' title='bbox 648 3218 681 3282; x_wconf 93' lang='lat' dir='ltr'><strong>in</strong></span> <span class='ocrx_word' id='word_1_172' title='bbox 704 3217 897 3281; x_wconf 87' lang='lat' dir='ltr'><strong>inveniendo</strong></span> <span class='ocrx_word' id='word_1_173' title='bbox 921 3239 997 3281; x_wconf 87' lang='lat' dir='ltr'><strong>vero</strong></span> <span class='ocrx_word' id='word_1_174' title='bbox 1021 3218 1144 3302; x_wconf 89' lang='lat' dir='ltr'><strong>ingenii</strong></span> <span class='ocrx_word' id='word_1_175' title='bbox 1170 3218 1286 3284; x_wconf 83' lang='lat' dir='ltr'><strong>virum.</strong></span> <span class='ocrx_word' id='word_1_176' title='bbox 1329 3217 1378 3283; x_wconf 70' lang='lat' dir='ltr'><strong>ce</strong></span> 
     </span>
     <span class='ocr_line' id='line_1_25' title="bbox 241 3323 1377 3409; baseline 0 -19"><span class='ocrx_word' id='word_1_177' title='bbox 241 3329 346 3390; x_wconf 87' lang='lat' dir='ltr'><strong>terum</strong></span> <span class='ocrx_word' id='word_1_178' title='bbox 376 3325 481 3390; x_wconf 83' lang='lat' dir='ltr'><strong>valete</strong></span> <span class='ocrx_word' id='word_1_179' title='bbox 505 3324 687 3408; x_wconf 88' lang='lat' dir='ltr'><strong>oblatisque</strong></span> <span class='ocrx_word' id='word_1_180' title='bbox 711 3323 877 3388; x_wconf 90' lang='lat' dir='ltr'><strong>doctrinae</strong></span> <span class='ocrx_word' id='word_1_181' title='bbox 901 3324 1003 3408; x_wconf 87' lang='lat' dir='ltr'><strong>copiis</strong></span> <span class='ocrx_word' id='word_1_182' title='bbox 1027 3323 1274 3409; x_wconf 89' lang='lat' dir='ltr'><strong>studiorumque</strong></span> <span class='ocrx_word' id='word_1_183' title='bbox 1297 3325 1377 3390; x_wconf 87' lang='lat' dir='ltr'><strong>adiu-</strong></span> 
     </span>
     <span class='ocr_line' id='line_1_26' title="bbox 243 3431 1377 3520; baseline 0 -24"><span class='ocrx_word' id='word_1_184' title='bbox 243 3432 361 3496; x_wconf 87' lang='lat' dir='ltr'><strong>mentis</strong></span> <span class='ocrx_word' id='word_1_185' title='bbox 397 3432 444 3496; x_wconf 85' lang='lat' dir='ltr'><strong>ite</strong></span> <span class='ocrx_word' id='word_1_186' title='bbox 481 3431 612 3496; x_wconf 88' lang='lat' dir='ltr'><strong>utimini</strong></span> <span class='ocrx_word' id='word_1_187' title='bbox 649 3435 685 3495; x_wconf 93' lang='lat' dir='ltr'><strong>ut</strong></span> <span class='ocrx_word' id='word_1_188' title='bbox 722 3431 864 3495; x_wconf 87' lang='lat' dir='ltr'><strong>discendi</strong></span> <span class='ocrx_word' id='word_1_189' title='bbox 900 3431 1061 3495; x_wconf 89' lang='lat' dir='ltr'><strong>industria</strong></span> <span class='ocrx_word' id='word_1_190' title='bbox 1094 3435 1192 3516; x_wconf 87' lang='lat' dir='ltr'><strong>atque</strong></span> <span class='ocrx_word' id='word_1_191' title='bbox 1231 3435 1377 3520; x_wconf 87' lang='lat' dir='ltr'><strong>religione</strong></span> 
     </span>
     <span class='ocr_line' id='line_1_27' title="bbox 242 3536 1302 3625; baseline 0.003 -23"><span class='ocrx_word' id='word_1_192' title='bbox 242 3541 349 3605; x_wconf 83' lang='lat' dir='ltr'><strong>vestra</strong></span> <span class='ocrx_word' id='word_1_193' title='bbox 371 3542 516 3604; x_wconf 89' lang='lat' dir='ltr'><strong>nostram</strong></span> <span class='ocrx_word' id='word_1_194' title='bbox 540 3538 675 3604; x_wconf 90' lang='lat' dir='ltr'><strong>docendi</strong></span> <span class='ocrx_word' id='word_1_195' title='bbox 699 3538 899 3603; x_wconf 83' lang='lat' dir='ltr'><strong>voluntatem</strong></span> <span class='ocrx_word' id='word_1_196' title='bbox 923 3536 1083 3622; x_wconf 90' lang='lat' dir='ltr'><strong>fidemque</strong></span> <span class='ocrx_word' id='word_1_197' title='bbox 1108 3541 1302 3625; x_wconf 83' lang='lat' dir='ltr'><strong>exaequatis.</strong></span> 
     </span>
    </p>
   </div>
   <div class='ocr_carea' id='block_1_5' title="bbox 253 4019 1359 4212">
    <p class='ocr_par' dir='ltr' id='par_1_5' title="bbox 253 4019 1359 4212">
     <span class='ocr_line' id='line_1_28' title="bbox 253 4019 1359 4106; baseline 0 -22"><span class='ocrx_word' id='word_1_198' title='bbox 253 4020 429 4086; x_wconf 88' lang='lat' dir='ltr'><strong>Vorwort</strong></span> <span class='ocrx_word' id='word_1_199' title='bbox 461 4045 502 4085; x_wconf 89' lang='lat' dir='ltr'><strong>zu</strong></span> <span class='ocrx_word' id='word_1_200' title='bbox 536 4022 601 4086; x_wconf 91' lang='lat' dir='ltr'><strong>der</strong></span> <span class='ocrx_word' id='word_1_201' title='bbox 625 4019 929 4106; x_wconf 78' lang='lat' dir='ltr'><strong>Verlrtindignng</strong></span> <span class='ocrx_word' id='word_1_202' title='bbox 962 4019 1025 4083; x_wconf 91' lang='lat' dir='ltr'><strong>der</strong></span> <span class='ocrx_word' id='word_1_203' title='bbox 1054 4019 1359 4106; x_wconf 86' lang='lat' dir='ltr'><strong>Preisanfgaben</strong></span> 
     </span>
     <span class='ocr_line' id='line_1_29' title="bbox 642 4127 985 4212; baseline -0.003 -20"><span class='ocrx_word' id='word_1_204' title='bbox 642 4129 681 4192; x_wconf 92' lang='lat' dir='ltr'><strong>in</strong></span> <span class='ocrx_word' id='word_1_205' title='bbox 704 4127 864 4212; x_wconf 87' lang='lat' dir='ltr'><strong>Leipzig</strong></span> <span class='ocrx_word' id='word_1_206' title='bbox 890 4128 985 4192; x_wconf 77' lang='lat'><strong>1875.</strong></span> 
     </span>
    </p>
   </div>
   <div class='ocr_carea' id='block_1_6' title="bbox 241 4269 1376 4569">
    <p class='ocr_par' dir='ltr' id='par_1_6' title="bbox 241 4269 1376 4569">
     <span class='ocr_line' id='line_1_30' title="bbox 330 4269 1374 4354; baseline -0.004 -18"><span class='ocrx_word' id='word_1_207' title='bbox 330 4270 518 4338; x_wconf 82' lang='lat' dir='ltr'><strong>Certamina</strong></span> <span class='ocrx_word' id='word_1_208' title='bbox 541 4271 732 4336; x_wconf 89' lang='lat' dir='ltr'><strong>eruditionis</strong></span> <span class='ocrx_word' id='word_1_209' title='bbox 759 4270 799 4334; x_wconf 86' lang='lat' dir='ltr'><strong>ab</strong></span> <span class='ocrx_word' id='word_1_210' title='bbox 824 4269 991 4334; x_wconf 86' lang='lat' dir='ltr'><strong>academia</strong></span> <span class='ocrx_word' id='word_1_211' title='bbox 1013 4269 1175 4354; x_wconf 89' lang='lat' dir='ltr'><strong>Lipsiensi</strong></span> <span class='ocrx_word' id='word_1_212' title='bbox 1199 4270 1295 4335; x_wconf 88' lang='lat' dir='ltr'><strong>indici</strong></span> <span class='ocrx_word' id='word_1_213' title='bbox 1318 4291 1374 4334; x_wconf 91' lang='lat' dir='ltr'><strong>nou</strong></span> 
     </span>
     <span class='ocr_line' id='line_1_31' title="bbox 241 4375 1376 4462; baseline 0.001 -22"><span class='ocrx_word' id='word_1_214' title='bbox 241 4376 356 4460; x_wconf 83' lang='lat' dir='ltr'><strong>solent,</strong></span> <span class='ocrx_word' id='word_1_215' title='bbox 379 4377 457 4461; x_wconf 88' lang='lat' dir='ltr'><strong>quin</strong></span> <span class='ocrx_word' id='word_1_216' title='bbox 476 4377 696 4461; x_wconf 90' lang='lat' dir='ltr'><strong>professorum</strong></span> <span class='ocrx_word' id='word_1_217' title='bbox 714 4377 833 4462; x_wconf 87' lang='lat' dir='ltr'><strong>aliquis</strong></span> <span class='ocrx_word' id='word_1_218' title='bbox 851 4377 922 4462; x_wconf 89' lang='lat' dir='ltr'><strong>ipse</strong></span> <span class='ocrx_word' id='word_1_219' title='bbox 941 4375 1181 4462; x_wconf 89' lang='lat' dir='ltr'><strong>quodammodo</strong></span> <span class='ocrx_word' id='word_1_220' title='bbox 1200 4377 1235 4440; x_wconf 92' lang='lat' dir='ltr'><strong>in</strong></span> <span class='ocrx_word' id='word_1_221' title='bbox 1254 4397 1376 4441; x_wconf 71' lang='lat' dir='ltr'><strong>menam</strong></span> 
     </span>
     <span class='ocr_line' id='line_1_32' title="bbox 242 4482 1376 4569; baseline 0 -22"><span class='ocrx_word' id='word_1_222' title='bbox 242 4482 428 4568; x_wconf 86' lang='lat' dir='ltr'><strong>descendat,</strong></span> <span class='ocrx_word' id='word_1_223' title='bbox 456 4485 701 4569; x_wconf 90' lang='lat' dir='ltr'><strong>studiorumque</strong></span> <span class='ocrx_word' id='word_1_224' title='bbox 730 4505 861 4549; x_wconf 89' lang='lat' dir='ltr'><strong>suorum</strong></span> <span class='ocrx_word' id='word_1_225' title='bbox 890 4482 1053 4568; x_wconf 89' lang='lat' dir='ltr'><strong>specimen</strong></span> <span class='ocrx_word' id='word_1_226' title='bbox 1075 4483 1240 4548; x_wconf 86' lang='lat' dir='ltr'><strong>communi</strong></span> <span class='ocrx_word' id='word_1_227' title='bbox 1264 4505 1376 4564; x_wconf 83' lang='lat' dir='ltr'><strong>eorum,</strong></span> 
     </span>
    </p>
   </div>
   <div class='ocr_carea' id='block_1_7' title="bbox 0 0 1462 5010">
    <p class='ocr_par' dir='ltr' id='par_1_7' title="bbox 0 0 1462 5010">
     <span class='ocr_line' id='line_1_33' title="bbox 0 0 1462 5010; baseline 0 0"><span class='ocrx_word' id='word_1_228' title='bbox 0 0 1462 5010; x_wconf 95' lang='lat' dir='ltr'><strong> </strong></span> 
     </span>
    </p>
   </div>
  </div>
 </body>
</html>
