2918 5004
474 346 708 394 nsrmmsonu
733 348 861 395 nanus.
1173 333 1237 398 667

92 488 189 554 ticiae
219 489 380 554 libertatis
412 489 612 555 academicae
643 490 692 555 vis
722 494 756 555 et
787 490 909 575 species
940 491 1238 575 comprehenditur:

93 595 233 679 primum
256 594 486 679 iurisdictione,
510 594 623 660 deinde
642 596 776 662 docendi
800 599 833 662 et
855 597 1009 663 libertate
1032 601 1065 663 et
1089 598 1162 663 aliie
1181 600 1237 664 tri-

94 702 238 768 buendae
269 702 430 768 libertatis
458 703 627 786 facultate,
659 703 797 789 denique
824 726 876 768 res
904 726 980 769 suas
1011 727 1083 769 cum
1113 709 1238 771 ceteras

95 815 166 874 tum
196 809 400 895 pecuniariae
430 809 679 876 administrandi
709 811 787 876 iure.
833 810 959 877 Harum
991 812 1134 897 partium
1166 835 1239 877 cum

93 917 219 1003 insigne
242 920 371 1001 praeter
393 916 535 1002 reliquas
559 917 684 1001 pondus
708 939 747 983 ea
769 917 904 1002 habeat,
935 941 1018 1004 quae
1041 919 1082 984 ad
1105 919 1240 986 docendi

93 1024 164 1088 iura
192 1027 333 1108 spectat,
357 1026 428 1089 tum
451 1023 535 1088 nihil
562 1024 657 1089 nobis
681 1024 868 1109 contingere
892 1025 1077 1109 exoptatius
1100 1025 1239 1091 beatius·

94 1152 155 1215 que
177 1130 298 1215 potuit,
326 1151 424 1214 quam
453 1129 539 1214 quod
568 1129 651 1196 hanc
675 1131 943 1197 universitatibus
966 1131 1166 1216 libertatem,
1189 1133 1240 1197 cui

93 1259 187 1303 nemo
211 1237 343 1323 ignorat
366 1241 490 1322 quanta
513 1258 609 1322 saepe
632 1239 775 1323 pericula
798 1237 1023 1303 imminuerint
1045 1242 1078 1304 et
1100 1239 1239 1306 fortasse

93 1345 277 1410 etiamnunc
296 1344 497 1426 immineant,
516 1342 630 1427 adhuc,
648 1345 676 1408 si
689 1344 829 1410 iudicare
853 1345 1068 1431 generatim
1083 1346 1241 1432 volumus,

94 1454 317 1517 conservatam
342 1455 399 1515 aut
417 1453 502 1517 certe
521 1473 586 1516 non
606 1471 800 1536 magnopere
820 1451 1020 1517 deminutam
1039 1452 1135 1517 nobis
1154 1474 1239 1518 com-

93 1559 247 1643 munique
269 1556 394 1643 patriae
419 1557 579 1643 gratulari
606 1558 692 1623 licet.
736 1558 823 1624 Nam
853 1559 916 1624 etsi
943 1560 1147 1626 conamina
1174 1584 1241 1627 non

93 1664 263 1730 defuerunt
281 1664 402 1749 partim
421 1668 536 1750 aperta
555 1670 587 1730 et
606 1665 787 1748 manifesta,
812 1666 933 1750 partim
953 1665 1084 1749 obliqua
1103 1672 1136 1732 et
1154 1667 1240 1732 elan-

94 1772 235 1857 destina,
267 1773 384 1857 quibus
417 1794 581 1839 summum
614 1773 735 1838 bonum
766 1773 908 1838 humano
941 1772 1052 1857 generi
1085 1773 1240 1840 divinitus

93 1878 308 1963 impertitum,
346 1877 432 1962 quod
464 1878 648 1952 continetur
680 1880 832 1944 scientiae
865 1879 1004 1962 lumine,
1037 1901 1055 1944 e
1086 1880 1156 1946 solo
1189 1882 1241 1946 cui

93 1988 186 2070 paret
200 1984 347 2049 veritatis
361 1984 499 2068 imperio
514 1991 699 2070 exemptum
718 1986 758 2051 ad
777 1986 931 2052 fortuitas
950 1985 1104 2069 rationes,
1122 1985 1241 2052 caduca

93 2090 229 2159 consilia
244 2095 277 2156 et
292 2091 462 2176 ambiguas
477 2091 646 2176 opiniones
661 2092 712 2156 vel
727 2093 868 2159 civitatis
883 2095 934 2159 vel
949 2093 1101 2158 ecclesiae
1116 2114 1239 2159 accom-

93 2199 293 2266 modaretur:
314 2235 354 2244 -
375 2198 436 2263 etsi
465 2199 585 2264 liberae
612 2202 646 2264 et
674 2198 806 2286 linguae
833 2204 867 2265 et
889 2200 1006 2265 mentis
1034 2222 1111 2266 non
1141 2200 1240 2266 nulli

93 2307 235 2373 vindices
258 2305 357 2370 etiam
381 2306 627 2391 succubuerunt,
650 2328 708 2391 pro
727 2306 889 2373 libertatis
908 2306 996 2373 illius
1015 2307 1240 2373 incolumitate

94 2436 128 2478 se
154 2434 293 2498 suasque
317 2413 467 2478 fortunas
491 2413 695 2498 devoventes,
718 2415 774 2480 alii
798 2419 906 2480 autem
929 2415 964 2480 in
987 2416 1091 2481 lucem
1116 2421 1148 2481 et
1171 2436 1239 2481 are-

94 2543 169 2586 nam
193 2520 328 2587 omnino
352 2520 530 2604 prodeundi
556 2521 624 2586 vias
648 2521 710 2587 sibi
737 2521 930 2588 interclusas
952 2527 1177 2608 reppererunt:
1198 2559 1237 2570 -

93 2633 201 2692 tamen
229 2627 367 2693 feliciter
395 2627 583 2713 plerumque
611 2628 676 2693 illis
704 2629 843 2713 repulsis
872 2630 1095 2695 conaminibus
1120 2627 1168 2715 (et
1191 2651 1239 2695 re-

96 2736 226 2818 pulsum
245 2734 285 2799 iri
305 2734 405 2799 etiam
424 2754 462 2797 ea
481 2733 680 2819 confidimus,
701 2735 818 2819 quibus
837 2735 888 2800 his
907 2735 988 2820 ipsis
1007 2734 1120 2801 diebus
1144 2737 1240 2802 colle-

93 2861 208 2926 garum
235 2843 420 2904 nostrorum
448 2838 685 2905 Kiloniensium
713 2840 868 2906 honestas
897 2845 930 2906 et
953 2842 1137 2908 constantia
1165 2865 1240 2909 con-

97 2943 252 3033 dictatur)
270 2967 308 3011 eo
331 2946 399 3012 fere
422 2947 455 3011 in
479 2946 560 3030 loco,
583 2947 611 3012 si
634 2948 675 3012 ab
700 2947 943 3014 Austriacarum
966 2952 1127 3014 terrarum
1151 2955 1238 3016 tene-

93 3056 161 3138 bris
180 3055 359 3132 recesseris,
380 3053 563 3118 litterarum
578 3053 793 3121 docendarum
808 3055 843 3121 in
860 3057 1024 3122 communi
1042 3057 1150 3141 patria
1164 3079 1240 3123 con·

93 3164 253 3229 dicionem
281 3163 474 3228 collocatam
505 3161 664 3247 videmus,
696 3168 733 3228 ut
765 3163 877 3229 solacii
904 3169 937 3230 et
963 3165 1109 3231 laetitiae
1141 3188 1239 3249 quam

95 3271 250 3337 maeroris
269 3274 303 3335 et
320 3268 563 3334 lamentationis
582 3268 680 3356 longe
699 3274 732 3334 et
755 3271 865 3355 plures
885 3275 918 3337 et
935 3271 1086 3338 iustiores
1107 3295 1239 3339 caussas

92 3378 241 3443 inventas
263 3398 334 3443 esse
357 3375 451 3441 nobis
475 3376 696 3441 confitendum
718 3377 771 3460 sit,
795 3377 913 3462 quippe
933 3379 1050 3463 quibus
1074 3401 1134 3444 nec
1157 3402 1239 3464 quae
1353 3459 1361 3470 θ

93 3485 275 3570 cogitamus
300 3484 406 3569 eloqui
430 3505 501 3548 esse
525 3484 663 3550 vetitum
682 3484 787 3550 soleat
809 3489 842 3549 et
864 3507 940 3550 vero
964 3507 1045 3570 quae
1069 3508 1145 3551 vera
1168 3509 1239 3551 esse

93 3589 340 3676 cognoverimus
369 3591 467 3655 etiam
499 3613 563 3675 qua
592 3592 728 3656 velimus
756 3591 890 3657 docendi
920 3591 1025 3657 forma
1053 3597 1087 3658 et
1113 3593 1239 3659 ratione

93 3696 291 3762 discentibus
325 3696 451 3762 tradere
484 3697 618 3763 iamiam
650 3698 790 3763 liberum
823 3719 893 3763 esse
926 3697 1081 3765 videatur.
1133 3699 1238 3767 Multo

96 3805 196 3868 etiam
221 3803 329 3867 minus
348 3802 421 3867 aliis
439 3802 632 3870 tribuendae
651 3804 785 3871 docendi
804 3805 967 3870 libertatis
986 3806 1134 3889 facultas,
1158 3829 1239 3891 quae

94 3910 198 3975 altera
225 3908 348 3993 species
377 3913 428 3973 est
453 3907 548 3974 buius
576 3912 717 3996 generis,
745 3933 847 3996 eaque
874 3934 941 3978 uon
971 3913 1132 3979 immerito
1155 3916 1239 3980 tanti

96 4038 224 4101 semper
253 4014 376 4096 habita,
406 4019 443 4079 ut
472 4015 577 4099 ipsum
605 4022 703 4102 caput
731 4018 933 4084 academicae
965 4020 1080 4085 salutis
1113 4021 1148 4085 in
1179 4021 1240 4087 illa

94 4123 272 4190 consistere
301 4121 476 4207 videretur,
504 4121 567 4188 dici
594 4128 704 4209 potest
731 4126 782 4191 vel
811 4147 925 4211 reapse
949 4126 1147 4193 labefactata
1169 4149 1239 4193 esse

93 4233 144 4299 vel
172 4229 415 4317 augustioribus
445 4252 542 4315 quam
566 4253 705 4317 aequum
728 4233 772 4298 sit
803 4233 963 4300 limitibus
987 4234 1239 4319 circumscripta

93 4339 206 4404 Paullo
229 4337 391 4422 iniquiore
414 4337 601 4404 condicione
624 4361 684 4405 nos
708 4339 757 4405 uti
776 4344 904 4406 constat
922 4341 957 4405 iu
975 4363 1014 4407 ea
1031 4345 1133 4427 parte,
1156 4364 1239 4426 quae

94 4466 160 4510 non
183 4444 290 4510 minus
309 4445 396 4530 aptis
415 4445 550 4512 vinculis
570 4470 643 4513 eum
666 4447 1026 4515 administrationis
1049 4471 1146 4534 quam
1165 4473 1238 4516 omn
