2918 5004
257 341 322 405 644
632 352 868 402 nsrnruiscua
892 352 1021 398 annau.

256 505 358 567 talem
385 500 451 564 ullo
480 497 575 563 modo
599 496 770 561 exhaurire
794 495 939 560 animum
963 493 1172 578 induxerim,
1208 499 1250 561 ut
1273 500 1309 561 et
1330 518 1413 561 unani

256 611 386 673 tanturn
414 610 540 691 partem
568 605 751 690 provinciae
780 602 1017 688 dignitatisque
1047 602 1291 686 amplissimae
1315 604 1415 690 tetige

257 714 329 799 rim,
352 714 509 798 neglectis
533 714 572 778 iis
592 713 750 793 omnibus,
775 733 856 797 quae
881 731 996 775 amco
1020 713 1129 793 captu
1158 711 1331 778 alieniora
1352 735 1414 777 curu

258 820 299 884 ad
331 819 501 904 religionis
533 818 654 883 cultum
688 817 904 902 ecclesiaeque
936 819 1085 884 rationes
1127 823 1208 884 tum
1245 819 1289 884 ad
1322 843 1414 886 reruni

222 954 245 993 x
259 928 455 993 medicamm
484 925 798 992 administrationem
826 929 988 1009 spectant:
1020 928 1057 991 et
1086 926 1146 991 vel
1180 926 1223 991 de
1254 928 1316 992 illa
1338 935 1414 1012 parte

258 1041 325 1101 tam
355 1033 541 1099 summatim
570 1032 720 1116 dixerim,
753 1035 789 1096 ut
819 1053 883 1096 non
914 1054 971 1097 vos
1002 1032 1148 1098 edocere
1183 1036 1303 1119 potius
1333 1057 1411 1119 quau

259 1142 351 1227 quasi
376 1140 534 1206 scintillas
558 1136 715 1224 quasdam
739 1139 771 1202 in
796 1139 913 1203 vestris
937 1139 1057 1203 animis
1082 1142 1243 1206 excitare
1264 1143 1414 1222 volucrina

258 1273 339 1335 quas
358 1252 467 1313 vestra
490 1269 567 1312 cura
584 1246 738 1312 foveretis
757 1248 929 1330 vestroque
948 1245 980 1308 in
1000 1245 1078 1309 sinu
1098 1247 1196 1311 altas
1218 1249 1411 1312 exardescere

259 1358 294 1420 in
322 1356 459 1421 clariora
487 1353 612 1418 lumina
637 1353 840 1436 pateremini.
887 1349 1093 1416 confidimus
1128 1359 1253 1419 tamen
1278 1355 1358 1436 iore,
1384 1361 1410 1417 ut

260 1486 371 1529 eorum
399 1461 529 1546 aliquis,
558 1461 674 1546 quibus
703 1461 831 1525 haurire
861 1481 899 1523 ox
922 1459 1140 1526 uberioribus
1167 1462 1326 1529 fontibus
1347 1464 1374 1529 b.
1391 1486 1411 1526 e.

260 1594 298 1635 ex
326 1572 403 1635 actis
430 1570 519 1653 licet,
553 1567 755 1633 admirabilis
779 1567 850 1631 Viri
879 1568 1058 1632 memoriae
1083 1568 1249 1634 debitum
1274 1570 1408 1636 honorem

259 1678 424 1763 persolvat
445 1677 603 1761 illiusque
626 1676 801 1761 imaginem
827 1674 997 1740 adumbret
1019 1675 1173 1759 plenam,
1200 1678 1367 1759 sinceram,
1385 1684 1410 1741 et

259 1787 307 1851 ita
336 1785 377 1850 ad
405 1785 514 1849 vivum
543 1805 742 1868 expressam,
765 1785 802 1845 ut
831 1782 967 1848 stiram
992 1786 1026 1846 et
1050 1784 1212 1849 studium
1237 1787 1348 1869 procul
1367 1785 1409 1848 ha

259 1892 348 1956 beat:
381 1912 484 1975 neque
512 1890 597 1955 enim
621 1890 672 1955 vel
701 1889 763 1953 hoc
786 1887 911 1972 indiget
933 1887 984 1951 vel
1008 1888 1110 1953 illam
1137 1912 1223 1956 vera
1249 1893 1350 1957 virtus
1370 1897 1406 1955 eat

260 2022 315 2064 cur
343 2000 540 2064 extimescat.
586 1995 679 2073 Quod
709 1996 763 2079 qui
786 1995 818 2058 in
843 2015 877 2059 se
900 1995 1098 2079 susceperit,
1135 1996 1290 2064 dubitari
1313 1998 1405 2083 nequit

261 2107 339 2191 quin
363 2107 574 2190 plurimorum
599 2102 758 2169 desiderio
782 2101 952 2186 insigniter
975 2101 1019 2164 sit
1043 2103 1302 2173 satisfactums.

727 2317 937 2326 -----—-

820 2460 851 2524 4.

284 2606 420 2672 Oratio
452 2606 495 2669 de
529 2602 822 2688 comparatione
854 2603 956 2666 inter
983 2597 1223 2670 Fridericos
1253 2607 1389 2673 Guilel-

283 2737 363 2780 mos
386 2712 436 2778 ΙΙΙ
460 2716 496 2776 et
519 2711 566 2777 IV
591 2708 833 2775 instituenda
854 2707 990 2772 habita
1013 2706 1075 2771 die
1096 2707 1150 2773 ΙΙΙ
1173 2734 1219 2777 ιιι.
1235 2714 1388 2799 Augusti

739 2839 766 2880 a.
794 2812 929 2899 1842.*)

210 2984 255 3024 m,
340 2963 460 3030 Rediit
482 2962 538 3027 ille
557 2961 634 3043 dies,
658 2959 820 3025 auditores
840 2980 898 3023 suo
918 2958 1055 3042 quisque
1076 2959 1154 3025 loco
1176 2964 1403 3048 spectatissimi

262 3093 357 3156 quem
395 3092 467 3137 cum
505 3069 586 3135 olim
622 3067 831 3133 babuerimus
868 3066 1047 3131 eommunis
1082 3067 1240 3137 laetitiae
1275 3073 1401 3149 indicem

262 3178 352 3243 brevi
375 3200 413 3242 ex
436 3181 582 3263 tempore
606 3197 796 3241 conversum
824 3175 858 3239 in
881 3173 984 3238 tristis
1007 3173 1167 3241 desiderii
1193 3181 1336 3267 piaeque
1356 3202 1401 3245 ne

262 3286 383 3349 moriae
406 3288 526 3350 testem
550 3283 704 3349 dolemus.
737 3281 781 3346 Et
804 3303 917 3346 sensus
941 3280 1072 3364 quidem
1097 3281 1156 3347 hic
1182 3289 1333 3352 omnium
1352 3286 1400 3350 ani·
1458 3310 1459 3349 l

262 3392 324 3455 mis
353 3392 469 3457 infixus
493 3413 558 3457 non
584 3395 655 3455 erat
678 3389 823 3473 profecto
847 3388 1020 3453 verendum
1042 3410 1087 3453 ne
1111 3412 1281 3476 umquam
1306 3393 1398 3459 eratin

351 3588 376 3656 *)
401 3586 445 3658 [In
469 3583 613 3655 publicum
635 3583 693 3636 iam
716 3580 821 3651 prodiit
843 3580 913 3635 haec
936 3580 1026 3634 oratio
1049 3584 1198 3648 prooemii
1224 3586 1317 3644 instar
1338 3582 1397 3641 inda'

262 3675 422 3730 scholarum
440 3671 630 3727 Bonnensium
649 3670 829 3724 hibernarum
848 3684 873 3724 a.
885 3681 1130 3725 ormcoccxxxxn
1147 3675 1180 3727 et
1193 3689 1326 3730 xxxmr
1342 3689 1397 3746 pne

262 3766 318 3818 fixa
335 3764 380 3818 his
399 3762 512 3833 quidem
531 3758 692 3831 praemissis
706 3758 811 3813 verbis:
832 3756 1039 3812 ‘Prooemiandi
1053 3775 1119 3813 cum
1134 3765 1301 3821 necessitas
1315 3764 1396 3834 argeti

263 3854 337 3909 desit
354 3852 452 3920 otium,
471 3853 584 3921 praeter
601 3847 830 3905 consuetudinem
848 3849 972 3902 nostram
988 3864 1044 3902 non
1058 3863 1075 3902 e
1089 3855 1302 3911 communibus
1320 3851 1395 3909 naen

262 3943 352 4014 petito
372 3941 510 3997 scribendi
528 3940 693 4010 argumento
712 3938 742 3991 in
761 3935 912 3992 recolenda
926 3935 1061 3991 memoria
1080 3937 1183 3995 linars
1198 3945 1395 3999 aversanam

264 4034 333 4087 ΒΝ]
353 4033 510 4086 Fmonmcr
530 4030 685 4084 vannoss
704 4027 743 4080 Ill
766 4025 873 4080 versari
898 4026 987 4080 visum
1011 4028 1062 4082 est.
1101 4029 1244 4102 Accipite
1264 4033 1353 4104 igitur,
1366 4043 1395 4082 ce

263 4121 366 4177 tissimi
385 4120 599 4187 commilitones,
618 4118 724 4174 chartis
744 4116 916 4186 consignata,
935 4132 1007 4185 qnae
1027 4114 1056 4169 in
1072 4115 1157 4172 illius
1177 4120 1300 4177 laudem
1317 4115 1395 4188 simpli

264 4215 334 4267 citer
352 4213 382 4266 et
399 4209 586 4282 populariter,
615 4226 672 4264 non
691 4205 867 4262 ambitiosius
886 4204 1020 4274 quaesitis
1039 4205 1183 4264 orationis
1204 4211 1396 4273 luminibunt
1457 4243 1458 4246 =

264 4300 349 4368 d.„111
367 4299 437 4356 Non.
457 4301 528 4370 Aug.
548 4315 642 4353 coram
661 4296 740 4352 vobis
760 4295 893 4349 diximus:
916 4292 1065 4348 intuemini
1089 4299 1352 4365 praeclarissimum
1367 4310 1395 4348 cr·

265 4389 401 4457 emplum,
429 4387 609 4443 aemulamini
636 4388 782 4457 (quantum
809 4383 921 4454 quidem
949 4381 1108 4452 principem
1139 4389 1289 4445 aemulari
1314 4386 1397 4444 cirita

265 4479 449 4544 concessum),
468 4475 634 4543 virtutisque
653 4473 731 4528 illinc
750 4473 962 4527 incitamentum
981 4470 1082 4539 petite.
1122 4475 1256 4535 Valere!
1295 4474 1374 4544 (ΣΝ-1
