2992 5004
256 330 322 394 374
541 343 804 393 cronnconuuu
829 343 877 389 nr
901 341 1114 389 cuneumve

258 506 483 568 OQVOLTOD
505 487 537 573 *)
580 486 637 575 (eo
680 486 768 553 enim
809 486 898 550 valet
939 485 1089 570 lapidarii
1132 485 1215 551 vitio
1264 487 1409 571 positum

257 596 502 682 DQvouron)
530 596 564 661 in
593 591 651 660 SC.
674 594 713 659 de
736 592 952 658 Bacenalibus
982 593 1138 676 scriptum
1161 596 1291 677 exstet,
1325 595 1409 679 quod

256 727 322 771 non
344 725 439 789 posse
462 703 529 769 ullo
554 703 649 770 modo
672 725 732 788 pro
756 701 869 767 exulto
893 723 972 785 esse,
997 701 1052 765 sed
1071 723 1129 785 pro
1148 702 1250 769 oculto
1272 705 1434 787 tentum·

257 834 351 878 nemo
370 834 437 878 non
455 810 611 876 concedit.
645 809 749 887 Quem
772 808 912 874 formem
935 809 964 873 si
987 830 1004 873 e
1023 808 1166 873 tenebris
1191 808 1411 892 probabiliter

257 919 413 1004 eruimus,
448 915 662 1003 Captivorum
687 938 815 1001 quoque
839 915 946 981 versui
968 914 998 998 I,
1024 917 1051 999 1,
1077 915 1117 981 15
1140 915 1230 981 iuste
1255 939 1412 983 mensure

258 1028 305 1093 sic
329 1026 506 1093 constabit:

472 1169 510 1233 In
534 1168 653 1251 oculto,
676 1167 786 1232 miseri
809 1165 963 1232 uictitant
987 1170 1063 1233 suco
1087 1189 1155 1252 suo,

257 1312 388 1378 tametsi
411 1311 536 1397 aliquot
558 1310 704 1376 versibus
733 1314 808 1376 ente
836 1332 903 1375 non
926 1310 1004 1375 licet
1026 1311 1159 1376 coctilem
1181 1313 1217 1376 in
1242 1312 1348 1378 ocius
1369 1315 1411 1377 lo

159 1442 245 1482 cxxv
261 1425 323 1485 tent
344 1419 570 1504 pronuntiare,
593 1418 648 1482 sed
672 1418 856 1482 necessarie
878 1416 959 1482 haec
982 1422 1032 1483 est
1055 1422 1088 1483 et
1110 1419 1249 1504 scriptio
1275 1425 1309 1486 et
1334 1420 1411 1485 reci·

259 1527 343 1592 tatio
371 1525 504 1590 cochleae
530 1525 566 1589 icc
587 1523 771 1610 coelom)
797 1561 835 1570 -
863 1524 912 1589 Ad
938 1524 1185 1591 similitudinem
1214 1527 1322 1593 tecum
1345 1551 1412 1593 cor·

259 1633 416 1718 reptionis
444 1655 545 1717 prope
574 1631 723 1697 accedere
747 1631 852 1696 visum
880 1632 1003 1714 &cquis
1032 1654 1105 1697 cum
1127 1656 1155 1697 v.
1181 1635 1249 1700 870
1274 1658 1295 1699 a
1318 1636 1411 1702 nobis

260 1738 426 1805 subletum
456 1742 505 1803 est
534 1738 697 1820 [relictum
721 1740 755 1803 in
779 1739 825 1803 ed.
850 1739 921 1821 alt]
945 1744 1016 1803 tum
1040 1739 1118 1804 alibi
1141 1740 1284 1806 tolletur
1308 1744 1411 1808 ascita

258 1845 479 1930 cruciforme.
504 1884 545 1893 —
569 1843 643 1911 Non
668 1846 773 1931 magis
798 1851 980 1931 correptum
1005 1851 1054 1912 est
1076 1852 1200 1929 atque,
1225 1849 1291 1913 nisi
1318 1850 1354 1914 in
1376 1850 1412 1914 li·

259 1956 385 2021 beriore
418 1957 522 2019 metro
556 1957 593 2018 ut
619 1977 648 2018 v.
673 1954 752 2037 824,
784 1952 864 2018 Rud.
889 1954 919 2037 I,
942 1955 978 2039 4,
1001 1954 1030 2020 8.
1059 1991 1100 2002 -
1133 1952 1202 2020 Nec
1238 1962 1411 2042 propterea

260 2062 346 2148 quod
370 2062 557 2128 certissime
577 2065 653 2126 sunt
675 2066 746 2127 iste
769 2065 801 2126 et
823 2062 877 2127 est
898 2059 949 2147 (in
973 2061 1057 2146 quod
1081 2062 1146 2127 iem
1171 2085 1275 2147 supro
1299 2064 1411 2129 incidit

259 2170 363 2235 oratio
379 2166 624 2254 p.crr11[363]),
648 2169 781 2233 eandem
805 2169 972 2234 licentiam
991 2169 1032 2233 ed
1050 2169 1190 2235 dedisti
1211 2169 1410 2255 pertinuisse

261 2276 454 2342 credendum
477 2280 547 2340 eret
570 2273 753 2340 Trinummi
776 2274 923 2339 versibus
949 2275 1021 2351 127.
1048 2273 1123 2339 129:

348 2417 507 2484 Dedistin'
532 2417 726 2509 argentum?
751 2454 792 2463 —
816 2417 953 2483 Festum
976 2439 1078 2503 neque
1101 2415 1183 2483 fecti
1204 2420 1309 2505 piget.

350 2523 518 2591 Dedistine
541 2525 604 2591 hoc
627 2522 804 2611 pacto***)
828 2524 857 2589 ei
880 2524 1025 2610 gledium
1050 2526 1161 2610 quise
1185 2527 1359 2594 occideret

260 2669 387 2735 Horum
406 2670 493 2734 enim
511 2668 691 2753 posteriore
710 2690 783 2732 cum
800 2668 883 2750 facto
902 2669 946 2733 sit
958 2668 1043 2752 inA,
1057 2674 1149 2751 pacto
1168 2669 1204 2735 in
1224 2655 1407 2756 reliquis†),

260 2777 438 2863 plurimum
467 2775 709 2860 probabilitatis
737 2774 838 2840 hebet
866 2797 883 2840 e
911 2775 1107 2861 glossemate
1129 2798 1201 2841 esse
1225 2781 1408 2864 utrumque,

261 2884 400 2968 simplici
430 2887 538 2949 autem
567 2882 623 2948 boc
652 2883 859 2967 pronomine,
889 2887 926 2948 ut
956 2884 1022 2948 iem
1052 2881 1192 2949 Bothius
1225 2887 1408 2970 suspicatus

259 2996 322 3075 est,
354 2996 486 3075 poetam
519 3012 613 3073 usum
645 3011 715 3054 esse
746 2989 858 3054 eodem
888 2990 1014 3058 rationo
1044 2989 1156 3074 paullo
1189 2992 1408 3075 exquisitiore,

259 3121 323 3182 que
346 3099 435 3162 velut
457 3120 486 3162 v.
512 3097 575 3163 783
610 3094 690 3160 dixit
720 3094 775 3160 hoc
805 3098 1005 3178 &opiticum
1034 3097 1074 3162 ab
1104 3098 1298 3165 adulescente
1327 3120 1407 3164 autc

258 3207 350 3270 uerte
394 3204 423 3269 E
457 3204 636 3290 posteriore
669 3206 778 3268 eutem
811 3225 905 3268 versu
935 3204 1089 3269 facillime
1119 3204 1262 3288 irrepere
1294 3207 1329 3271 in
1359 3228 1407 3270 su-

259 3313 419 3398 periorem
455 3333 494 3377 ue
529 3310 690 3396 particule
725 3310 845 3395 potuit,
882 3311 936 3375 ubi
974 3333 1013 3376 eo
1049 3312 1181 3377 minime
1219 3335 1304 3398 opus
1340 3334 1406 3378 esse

257 3445 288 3505 p.
318 3437 361 3485 cv
396 3419 489 3501 [358]
523 3422 632 3484 annot.
663 3416 814 3483 diximus.
859 3418 960 3503 Nem,
992 3442 1032 3484 ne
1065 3419 1137 3503 quis
1169 3419 1282 3504 ipsum
1313 3420 1406 3486 Pleu-

258 3531 327 3593 tum
358 3529 553 3610 antestetur,
586 3524 752 3590 sciendum
781 3529 833 3590 est
859 3526 987 3591 nullum
1015 3531 1143 3593 exstare
1166 3531 1340 3613 correptae
1361 3529 1406 3593 dc·

258 3637 332 3701 distc'
359 3634 448 3699 vocis
477 3636 599 3697 certum
628 3633 818 3718 exemplum.
864 3632 913 3698 Ac
937 3634 1078 3717 primum
1101 3655 1235 3718 prorsus
1259 3633 1338 3701 hinc
1360 3657 1406 3700 se-

259 3741 427 3828 greganda
451 3744 526 3805 sunt
548 3741 618 3805 dect
642 3743 676 3804 et
697 3741 827 3819 Messe,
859 3762 997 3826 quorum
1024 3740 1087 3806 hoc
1102 3738 1204 3805 ‘nihili
1228 3747 1297 3826 est,
1329 3741 1406 3807 illud

260 3848 514 3914 diversissimam
537 3848 697 3913 rationem
721 3848 834 3930 habet,
861 3852 1012 3914 neutrum
1036 3848 1076 3914 ad
1099 3847 1340 3925 defendendum
1362 3852 1406 3916 dc

363 4024 389 4093 *)
409 4024 481 4097 [Hoc
500 4023 639 4093 scripture
661 4022 731 4077 nihil
749 4022 864 4092 probori
883 4024 1052 4080 ltitschelius
1070 4024 1130 4095 ipse
1151 4024 1230 4081 vidit.
1272 4026 1405 4082 Ceterum

258 4115 292 4170 of.
312 4116 412 4184 Opusc.
432 4113 502 4184 phil.
522 4113 560 4167 lV
578 4131 605 4182 p.
626 4117 678 4172 288
698 4115 726 4167 et
744 4112 775 4167 P.
794 4113 825 4167 L.
844 4113 881 4168 M.
902 4113 932 4168 Ε.
953 4113 1048 4169 ltnorr.
1068 4133 1095 4184 p.
1115 4116 1171 4184 24]

346 4202 388 4271 **)
408 4203 542 4274 [cccutcoe
560 4203 592 4256 in
610 4202 699 4256 oculto'
717 4201 888 4257 Bitschelius
907 4201 996 4258 suasit
1015 4202 1116 4273 Opuso.
1136 4203 1206 4273 phil.
1226 4205 1254 4259 II
1274 4224 1300 4275 p.
1312 4206 1385 4278 tot]

329 4274 386 4362 **'·)
406 4292 563 4363 [Decium
576 4293 625 4346 coc
637 4292 712 4358 saco
731 4289 829 4358 mine,
848 4292 911 4346 0011.
928 4291 1108 4348 truhmanno
1121 4291 1151 4346 in
1166 4293 1249 4350 uuor.
1265 4313 1293 4366 p.
1309 4303 1343 4352 es
1356 4296 1405 4366 sqq

365 4384 393 4449 †)
412 4380 573 4452 [Librorum
591 4379 756 4438 memorium
774 4397 808 4436 ex
828 4399 852 4436 v.
872 4386 923 4436 649
943 4381 980 4437 ed
998 4400 1023 4436 v.
1045 4386 1095 4436 129
1113 4382 1265 4441 transtulit
1284 4385 1408 4442 Ritrclre·

259 4468 321 4524 lius.
358 4469 399 4524 cf.
418 4469 506 4538 prees.
526 4468 615 4523 Stichi
633 4486 660 4539 p.
680 4469 768 4540 xxm]
