2940 5004
391 336 656 388 suannsrrours
680 339 890 389 10101000.
1154 323 1218 388 509

73 491 188 572 suapte
210 493 328 553 natura
352 487 508 573 ambigua
527 490 617 552 sunt:
640 487 731 552 velut
749 486 863 553 eodem
883 487 952 552 iure
971 509 1043 552 cum
1064 486 1218 551 subiectis

75 596 182 661 verbis
206 599 303 680 atque
327 618 398 661 cum
423 594 611 680 praemissis
635 600 679 660 cst
702 598 735 658 et
756 595 807 658 010
825 595 956 659 1000100
977 593 1117 658 sociabis
1131 593 1219 657 Tria

74 726 101 767 v.
128 703 177 768 18.
203 704 286 767 744:
345 712 349 719 '

161 845 246 911 Huic
270 848 385 931 grae'ce
409 868 528 912 nomen
551 849 602 912 001
625 847 815 912 Thensauro
840 845 978 911 fabulae.

162 952 257 1019 Nunc
280 955 308 1018 si
332 954 473 1038 opperiri
498 954 548 1019 uis
573 955 747 1021 aduentum
771 953 965 1019 Charmidis.

74 1097 124 1162 Ad
148 1097 290 1181 aliquam
315 1097 601 1181 semiseptenariae
625 1097 871 1162 similitudinem
896 1097 1067 1161 verborum
1091 1095 1219 1160 ordines

75 1204 246 1288 accedunt,
278 1204 334 1268 ubi
368 1205 629 1289 monosyllabam
662 1227 773 1270 vocem
807 1204 871 1267 alia
902 1226 962 1268 vox
993 1203 1219 1286 monosyllaba

75 1310 207 1396 excipit,
231 1317 267 1376 ut
290 1337 318 1377 v.
344 1313 415 1376 117.
442 1313 518 1383 144;

164 1455 227 1531 Qui
250 1451 329 1521 triae
354 1455 525 1521 mandatus
549 1455 599 1518 001
622 1455 685 1519 11ᾶο
707 1458 742 1519 01
764 1455 917 1520 fiddciae:

164 1562 210 1627 Vt
233 1564 313 1628 mihi
336 1584 466 1628 neeesse
490 1562 534 1627 sit
557 1562 622 1627 iam
645 1562 677 1626 id
701 1563 763 1627 tibi
787 1563 991 1628 concredere:
1219 1585 1366 1627 cccxxxv

77 1729 141 1791 quo
165 1707 278 1772 referri
302 1707 400 1771 etiam
424 1729 453 1771 v.
476 1708 540 1771 471
566 1710 688 1791 potest:

166 1847 200 1914 Si
224 1847 277 1914 illi
298 1854 471 1934 congestae
496 1847 562 1915 sint
586 1849 700 1933 epulae
724 1872 744 1914 a
768 1850 959 1914 cluentibus.

79 1991 141 2057 Sed
173 1993 356 2058 inevitabili
394 1992 644 2056 constructionis
681 1991 875 2056 necessitate
913 2013 987 2055 cum
1022 1993 1222 2077 praegressis

79 2101 302 2185 monosyllaba
335 2099 493 2163 vocabula
513 2099 633 2162 'vincta
666 2103 742 2163 sunt
774 2121 801 2162 v.
836 2099 888 2163 56.
925 2098 998 2164 393.
1035 2100 1110 2164 417.
1148 2100 1222 2164 470.

80 2206 151 2270 733.
177 2207 256 2271 7341

169 2311 261 2378 Viuit
283 2313 473 2398 uicturaque
496 2314 554 2377 001
591 2313 680 2378 Bene
704 2313 812 2378 hercle
835 2314 978 2379 ndntias.

167 2418 289 2484 Verdm
313 2420 448 2485 meliora
472 2423 548 2484 0001
572 2442 670 2504 quam
693 2441 776 2505 quae
799 2421 995 2485 dete'rrums.

167 2525 345 2610 Postqmm
369 2527 507 2592 comedit
530 2529 611 2611 1010,
634 2531 711 2612 post
732 2529 891 2593 rationem
914 2532 1018 2612 putat.

167 2634 328 2719 Adpdsita
351 2656 430 2699 cena
453 2634 510 2719 011,
534 2636 725 2719 popularem
749 2638 846 2720 quam
870 2641 996 2702 uocant.

169 2739 244 2806 Sine
266 2742 358 2826 (1610,
381 2763 479 2825 quom
502 2742 571 2805 0100
594 2743 664 2807 rem
688 2764 785 2826 penes
810 2765 860 2806 me
884 2743 1024 2808 habeam
1047 2742 1144 2807 domi.

160 2849 291 2940 'Pardta
313 2849 372 2913 dos
395 2849 483 2914 domi
506 2851 569 2914 esc:
592 2850 655 2914 nisi
680 2852 867 2934 exspectare
890 2850 950 2915 uis.
1045 2889 1046 2892 =

81 2991 413 3058 suessanensis
441 2993 524 3058 1006
550 2992 639 3072 [eso.
666 2992 780 3072 recep

170 3134 265 3200 Salus
289 3135 427 3200 seruasti
452 3136 510 3199 me'.
548 3157 644 3219 quarn
670 3156 744 3199 mox
769 3134 841 3199 died
865 3134 972 3199 dabo?

170 3241 203 3307 Si
228 3242 301 3327 plus
325 3243 527 3328 perdundum
551 3241 608 3327 sit,
632 3243 754 3327 perisse
778 3242 934 3307 00101001.

82 3386 174 3451 Ηο00
206 3387 305 3471 igitur
335 3386 402 3451 sive
435 3391 563 3471 gratam
595 3387 661 3450 sive
691 3386 797 3451 minus
829 3391 959 3470 gratam
986 3385 1226 3471 neglegentiam

82 3492 250 3558 fatendum
278 3496 330 3557 est
357 3495 495 3577 speeiem
525 3493 633 3577 potius
662 3492 824 3579 quandam
851 3493 989 3557 rationis
1013 3514 1110 3576 quam
1139 3492 1227 3556 locu-

82 3601 203 3682 pletem
226 3600 384 3664 rationem
410 3601 514 3684 sequi:
538 3600 611 3685 plus
636 3599 778 3664 enimin
802 3599 853 3663 his
878 3599 1078 3682 syllabarum
1102 3598 1228 3663 vocula·

84 3727 195 3769 rumve
219 3705 404 3770 articulatio
430 3707 531 3770 valuit
556 3708 737 3772 sententiae
761 3706 890 3770 vinculo
915 3707 1105 3790 soluturum,
1129 3727 1227 3790 quam

84 3814 117 3877 in
151 3811 296 3877 subiecta
327 3812 390 3876 sibi
422 3813 522 3877 verba
554 3814 723 3879 dominans
755 3817 902 3897 potestas
935 3814 1123 3878 sententiae.
1179 3810 1227 3875 De

83 3942 146 4004 quo
175 3919 255 3984 satis
283 3922 369 3983 recte
398 3918 558 3984 Beckerus
587 3920 688 3984 sensit
715 3920 846 3996 Quaest.
874 3920 913 3983 de
941 3918 1228 3984 0010110101οἰ).

84 4051 115 4112 p.
145 4028 215 4092 105.

174 4133 255 4199 Cum
283 4156 435 4199 caesurae
464 4136 571 4197 autem
600 4133 779 4198 rationibus
808 4120 1078 4217 quemadmodum
1101 4133 1135 4196 in
1159 4156 1229 4216 sep·

85 4242 218 4306 terrariis
246 4241 368 4326 dactyli
398 4242 432 4305 in
456 4244 573 4324 quarto
596 4239 690 4324 pede,
723 4240 769 4306 ita
797 4241 831 4303 in
861 4240 996 4304 senariis
1025 4240 1228 4324 anapaesti

88 4348 120 4411 in
149 4349 271 4414 tertio
302 4371 378 4413 0000
407 4346 689 4412 coniunctissimus
718 4350 780 4430 001,
809 4346 969 4431 adquam
992 4369 1076 4412 nune
1099 4348 1228 4412 demum

84 4457 256 4519 revertitur
274 4457 386 4520 010110.
415 4455 556 4518 Rursum
580 4456 688 4517 autem
711 4453 979 4537 quemadmodum
1005 4477 1024 4518 a
1048 4455 1228 4539 septenarii
