2918 5004
443 379 675 429 nsrarrusorrn
698 379 825 426 annau.
1138 359 1202 422 643

60 523 146 607 quis,
178 545 352 607 quamnam
380 544 491 588 veram
520 524 743 589 existimemus
773 526 806 586 et
829 523 993 585 aeternam
1017 518 1203 601 utilitatem,

60 630 210 694 uberiore
239 630 385 695 oratione
413 630 637 714 exponendum
666 634 759 715 putet
787 633 820 694 et
848 626 1093 711 disceptandum
1122 631 1203 690 tam·

60 758 157 820 quam
187 737 385 822 dubitatum,
417 738 502 822 quod
535 759 605 803 esse
634 737 817 804 confessum
846 739 878 800 et
907 734 1112 817 exploratum
1139 756 1203 798 uno

61 865 116 908 ore
139 844 163 907 ii
187 866 313 929 omnes,
341 845 457 930 quibus
480 844 560 909 haec
584 845 780 927 scribuntur,
803 842 1001 908 clamitaturi
1025 840 1099 905 sint.
1144 840 1204 904 Ee-

60 951 133 1034 quis
156 957 275 1037 autem,
298 976 371 1018 cum
395 975 453 1017 sua
476 975 592 1017 caussa
615 952 775 1034 colendas,
798 947 1035 1036 propagandas,
1058 969 1204 1012 exercen-

60 1057 129 1145 das¹
143 1058 270 1123 litteras
295 1059 435 1124 breviter
462 1059 637 1123 dixerimus
666 1062 700 1122 et
721 1050 938 1142 populariter,
971 1056 1023 1120 vel
1044 1053 1206 1138 tantisper

61 1164 210 1229 dubitare
244 1165 345 1249 ausit,
378 1166 455 1251 quin
488 1166 583 1231 huius
616 1166 718 1250 ipsius
751 1165 1004 1230 existimationis
1037 1162 1204 1248 persuasio

60 1271 272 1354 magnanimo
287 1273 498 1337 Altensteinii
522 1273 645 1358 pectori
669 1277 703 1336 et
725 1277 892 1358 tamquam
911 1271 1034 1336 intimis
1054 1270 1206 1335 medullis

62 1377 142 1443 adeo
166 1378 331 1464 insederit,
354 1385 391 1445 ut
409 1380 499 1445 nullo
519 1380 583 1444 alio
604 1402 642 1444 ex
660 1379 759 1463 fonte,
782 1373 846 1443 nisi
866 1401 905 1444 ex
923 1379 981 1444 illa
1000 1378 1206 1463 potissimum

61 1485 179 1550 mentis
208 1486 420 1571 liberalitate,
453 1488 628 1571 repetenda
658 1486 725 1551 siut
753 1508 974 1571 quaecumque
1002 1485 1062 1550 Ille
1086 1487 1121 1550 in
1144 1485 1206 1550 hoc

61 1614 178 1678 genere
201 1615 353 1679 umquam
377 1594 529 1689 instituit,
552 1594 657 1678 iussit,
681 1593 791 1677 suasit,
815 1592 993 1657 iudicavit?
1029 1591 1098 1656 Nec
1121 1592 1205 1656 enim

62 1702 188 1765 curiose
218 1701 417 1785 anquirenda
447 1703 594 1785 exempla
625 1705 713 1784 sunt,
745 1699 801 1764 sed
828 1701 863 1763 in
890 1700 1063 1783 propatulo
1090 1698 1208 1783 posita.

63 1805 133 1872 Nee
160 1811 271 1873 tamen
293 1809 426 1894 gravius
450 1811 676 1893 argumentum
700 1806 830 1872 aliunde
853 1807 930 1871 lieet
954 1828 1052 1891 quam
1076 1829 1093 1871 e
1116 1806 1207 1871 scho-

63 1914 168 1979 larum
196 1916 378 1980 rationibus
402 1937 475 1980 cnm
504 1915 701 1999 reliquarum
728 1919 839 1998 petere
866 1919 935 1979 tum
963 1913 1093 1996 harum,
1125 1936 1208 1999 quae

62 2021 147 2106 quod
166 2021 244 2086 olim
263 2023 304 2086 ab
323 2023 536 2108 collegiorum
554 2022 768 2087 universitate
786 2044 905 2088 nomen
923 2025 1103 2105 traxerunt,
1121 2021 1206 2086 idem
1220 2041 1255 2081 rx

64 2126 161 2192 hodie
199 2129 240 2192 ab
273 2128 453 2194 litterarum
486 2129 699 2194 universitate
733 2133 907 2194 merentur.
960 2128 1091 2193 Etenim
1128 2128 1209 2194 haec

63 2235 136 2320 ipsa
159 2234 340 2299 studiorum
359 2235 500 2300 varietas
521 2237 756 2320 amplissimum
776 2237 944 2320 complexa
963 2236 1207 2319 disciplinarum

62 2342 175 2407 orbem
203 2364 282 2406 num
311 2343 362 2407 cui
393 2343 491 2428 dirigi
521 2344 562 2408 ad
590 2347 678 2408 certa
701 2345 787 2421 vitae
811 2364 929 2429 genera
951 2343 1053 2407 videri
1077 2344 1208 2427 potest?

63 2448 226 2514 Nimirum
255 2449 397 2515 civitatis
422 2451 472 2515 vel
502 2450 680 2515 commodis
703 2452 753 2516 vel
783 2450 1030 2516 necessitatibus
1054 2454 1092 2514 ut
1115 2450 1208 2514 satis·

61 2557 162 2641 fieret,
185 2556 286 2621 tantis
310 2579 390 2641 opus
414 2561 492 2642 erat,
517 2558 630 2642 quanti
654 2559 688 2621 in
712 2557 858 2643 singulas
884 2558 1122 2642 provinciarum
1145 2557 1208 2622 Bo·

62 2664 257 2728 russicarum
280 2665 508 2729 universitates
533 2669 681 2749 sumptus
705 2665 894 2748 erogantur!
918 2668 986 2729 tam
1010 2666 1099 2729 lauto
1123 2664 1208 2728 litte-

62 2791 172 2834 rarum
197 2771 284 2834 omni
309 2771 528 2835 subsidiorum
552 2792 670 2856 genere
692 2769 1018 2834 instructissimamm
1038 2771 1208 2854 apparatu!

62 2879 156 2940 tanto
179 2877 430 2942 lectissimorum
454 2879 596 2942 virorum
620 2898 755 2942 numero
779 2898 953 2960 eorumque
973 2877 1006 2942 in
1025 2899 1123 2941 unum
1143 2900 1209 2942 cor-

63 3007 125 3068 pus
148 2984 332 3049 iunctorum
357 2986 584 3070 communique
609 2985 739 3068 collegii
761 2984 890 3049 vinculo
914 2984 1124 3048 sociatorum!
1148 2983 1209 3053 hae

64 3091 211 3176 deniqne,
235 3091 268 3155 id
292 3093 378 3176 quod
402 3114 565 3157 summum
589 3098 647 3176 est,
671 3091 837 3157 erudiendi
862 3095 895 3156 et
918 3089 1100 3155 subtilitate
1124 3090 1210 3154 etli-

63 3199 205 3282 bertate,
232 3220 320 3284 ‚quae
348 3221 407 3264 nec
436 3199 545 3283 capita
573 3199 726 3283 decerpat
754 3197 911 3283 quaedam
937 3218 997 3261 nec
1020 3198 1209 3281 cuiusquam

66 3305 204 3371 arbitrio
232 3309 361 3390 pareat,
394 3307 450 3371 sed
474 3328 547 3371 cum
571 3306 611 3369 ad
635 3306 805 3370 interiores
829 3304 956 3368 litteras
979 3325 1209 3389 usquequaque

65 3416 213 3496 penetret
241 3413 275 3476 in
298 3414 450 3498 ipsasque
473 3436 581 3500 rerum
604 3435 736 3477 caussas
756 3433 826 3476 sese
845 3411 995 3494 insinuet,
1017 3415 1086 3474 tum
1110 3411 1209 3475 nullis

65 3521 127 3583 nisi
152 3521 300 3585 veritatis
323 3520 483 3585 limitibus
507 3542 660 3604 umquam
684 3516 974 3584 circumscribatur.

154 3626 227 3691 Hoc
255 3626 357 3710 igitur
380 3626 489 3692 animo
514 3627 569 3711 qui
594 3627 713 3691 artium
736 3626 984 3716 litterarumque
1007 3644 1117 3691 curam
1142 3646 1209 3687 sus-

65 3732 201 3816 ceperit,
233 3755 307 3797 eum
337 3733 464 3798 demum
494 3733 628 3799 consilio
657 3754 753 3819 agere
781 3755 855 3797 vere
879 3732 968 3816 regio
993 3731 1211 3796 concedimus:

64 3840 128 3904 boc
160 3839 297 3904 consilio
326 3840 381 3924 qui
410 3841 528 3924 egerit,
560 3863 634 3905 eum
664 3841 769 3905 solum
798 3844 962 3905 aeternam
990 3837 1119 3903 laudem
1148 3838 1210 3902 sibi

65 3945 230 4030 peperisse
253 3945 434 4011 iudicamus
457 3967 638 4030 nomenque
661 3946 900 4011 immortalitati
924 3945 1113 4030 prodidisse.
1150 3943 1211 4008 'I'a-

68 4054 197 4138 lemque
221 4051 395 4117 habuimus
416 4075 511 4138 quem
530 4054 639 4118 vivum
658 4053 752 4117 nobis
771 4053 1008 4137 gratularemur
1025 4056 1210 4118 nostrarum

65 4182 173 4224 rerum
193 4162 366 4244 patronum
381 4158 647 4243 Altensteinium,
670 4160 734 4224 iam
758 4159 854 4223 nobis
878 4164 1024 4243 ereptum
1049 4181 1086 4222 ex
1111 4159 1209 4223 animi

66 4266 230 4332 sententia
258 4268 427 4352 lugeamus
456 4289 529 4332 oum
556 4270 650 4331 tanta
672 4266 807 4350 pietate,
841 4269 996 4349 quantam
1019 4265 1073 4329 vir
1097 4287 1210 4350 capere

67 4379 201 4458 pectora
222 4378 374 4460 possunt,
406 4396 472 4439 non
501 4377 609 4458 potest
636 4373 759 4456 brevis,
787 4394 884 4458 quam
908 4371 961 4437 hic
982 4373 1073 4438 locus
1098 4372 1212 4457 poscit,

67 4481 181 4547 oratio.
226 4480 367 4546 Tantum
391 4481 477 4546 enim
501 4482 608 4565 abest,
641 4483 679 4544 ut
701 4480 886 4564 gravissimi
910 4480 1093 4564 argumenti
1118 4479 1211 4544 uber·

945 4590 976 4637 41
985 4582 999 4614 ⁸²
