3006 5016
488 338 489 341 ’
569 348 649 395 vars
674 347 824 394 susanna
848 347 913 395 uns
937 346 1078 394 nocens

432 487 535 552 Quodsi
554 504 635 543 nosse
654 488 749 558 cupis,
769 505 841 557 quae
860 488 897 543 sit
914 488 961 542 via
979 488 1109 559 proxima
1126 487 1212 558 laudi,

486 576 565 631 Vnde
584 576 711 633 homines
730 577 849 647 lamam,
868 593 970 632 nomen
990 580 1019 633 et
1037 579 1114 633 astra
1131 579 1240 647 petant,
1323 581 1324 589 ’

429 666 525 720 Ardua
543 665 611 734 quid
630 667 731 735 virtus,
750 666 818 735 quid
836 668 929 722 mollis
949 667 1051 722 inertia
1069 667 1180 722 suadet:

483 756 528 809 Me
547 756 623 825 lege,
643 758 710 810 tunc
730 755 803 811 votis
822 774 886 811 mox
904 756 1016 826 pociere
1035 756 1099 811 tuis.

432 1101 472 1148 14.
511 1095 711 1166 Epigramm
730 1096 790 1151 aui
805 1096 883 1151 sdnf
898 1097 1046 1167 Dialoge
1064 1095 1220 1151 Lucians.

251 1204 322 1272 (Aus
343 1203 385 1257 ‘L
416 1202 534 1257 Luciani
562 1202 737 1257 Samosateni
765 1203 879 1273 Dialogi
902 1205 949 1271 qui
973 1203 1047 1258 inira
1070 1203 1174 1274 scripto
1199 1201 1323 1256 carmine
1344 1199 1400 1258 suis

253 1292 412 1347 nominibus
430 1291 606 1361 explicantur
624 1292 660 1345 ad
679 1292 844 1347 comendam
862 1291 989 1362 linguam
1009 1295 1039 1347 et
1056 1292 1186 1347 facundie
1206 1292 1314 1346 cultum
1334 1310 1400 1347 nan·

306 1379 465 1435 ciscendnnr
486 1380 590 1450 oppido
608 1397 694 1449 quam
713 1379 864 1451 aptissimi’
886 1381 1008 1451 Leipzig,
1027 1380 1128 1435 Melch.
1149 1380 1247 1436 Lotter
1268 1388 1347 1452 1513,

672 1469 722 1524 auf
739 1470 802 1524 dem
821 1469 980 1539 Titelblatt)

634 1595 717 1649 Vitus
736 1594 887 1650 Vuerlerus
905 1595 1012 1651 lectori.

360 1721 462 1775 Lucius
481 1719 606 1775 excultos
624 1719 737 1789 placido
757 1737 883 1775 sermone
902 1721 1012 1791 lepores

413 1810 544 1880 Explicat
562 1809 591 1864 in
609 1809 696 1864 variis
715 1809 817 1866 cultior
835 1810 895 1881 ipse
915 1810 1003 1879 libris,

360 1899 391 1953 ln
410 1899 511 1968 quibus
530 1901 573 1953 est
592 1898 723 1967 ‘Virtus',
744 1899 888 1970 ‘Scapha’,
910 1899 1038 1970 ‘Scipio',
1057 1900 1097 1954 sic
1117 1899 1302 1969 ‘Palinurus’,

414 1988 451 2042 Et
468 1988 554 2043 simul
571 1987 703 2043 Herculei
721 1987 836 2043 nomina
854 1989 930 2043 clara
948 1988 1035 2043 ducis.

360 2077 490 2149 Optimus
508 2081 611 2147 orator,
630 2080 709 2132 vates
729 2076 926 2133 celeberrimus
944 2077 1019 2132 idem

414 2166 513 2223 Cetera
531 2170 560 2222 et
578 2167 695 2222 arbitrio
714 2169 806 2221 versat
824 2166 927 2236 ubique
947 2184 1004 2223 suo.

357 2256 488 2311 Rusticus
507 2272 537 2311 es
556 2255 701 2326 (quidnil),
721 2255 745 2311 si
763 2272 819 2311 non
837 2256 986 2311 virtutibus
1005 2258 1079 2313 ultro

413 2344 531 2400 Eximiis
551 2345 626 2400 docti
645 2362 838 2401 commoveam
855 2345 918 2400 viri.

469 2694 508 2744 15.
541 2687 736 2758 Epigramm
757 2687 816 2781 auf
835 2687 992 2742 Valerius
1011 2687 1183 2743 Maximus.

253 2795 321 2860 (Ans
347 2792 467 2847 ‘Valerii
490 2793 606 2848 Maximi
629 2793 703 2849 Civis
722 2793 843 2848 Romani
861 2793 895 2848 de
914 2793 997 2847 sactis
1016 2810 1049 2848 ac
1067 2794 1149 2849 dictis
1168 2796 1405 2851 memorabilibus

253 2883 452 2953 Exemplorum
466 2883 542 2938 Libri
561 2901 662 2939 novem
677 2887 737 2939 tum
752 2886 866 2954 propter
881 2884 938 2938 stili
953 2883 1145 2939 maturitatem
1159 2887 1220 2939 tum
1235 2901 1303 2939 vero
1319 2903 1404 2956 prop-

287 2972 408 3026 territe
427 2972 640 3028 instructionem
659 2972 815 3027 utilissimi’
835 2972 964 3043 Leipzig,
982 2973 1085 3029 Melch.
1104 2973 1201 3028 Lotter
1223 2979 1304 3042 1514,
1322 2976 1378 3030 auf

681 3062 745 3116 dem
765 3061 970 3132 Titelblatt*))

579 3187 662 3241 Vitus
683 3186 832 3241 Vnerlerus
850 3186 1068 3242 Sultaveltensis.

393 3310 423 3364 Si
441 3311 484 3365 vis
504 3312 652 3367 candidule
671 3312 801 3367 absoluta
819 3312 909 3367 lector

394 3400 468 3454 Heus
486 3400 590 3470 scripta
610 3401 769 3457 Aeneadum
789 3403 834 3456 tot
851 3403 881 3456 et
898 3400 1045 3470 Pelasgum

395 3489 520 3546 Prudens
537 3508 665 3561 noscere,
684 3491 708 3546 si
726 3492 804 3561 pium
823 3490 924 3559 deique

397 3577 510 3634 Cultum
529 3580 638 3651 syderei
656 3598 708 3636 nec
726 3581 888 3636 invenuslos

392 3668 484 3724 Mores
502 3669 637 3738 temporis
656 3672 687 3723 at
706 3669 875 3738 vetustioris,

393 3757 505 3812 Clarum
523 3757 653 3814 Romulei
672 3759 756 3812 decus
775 3758 911 3828 triumphi

393 3846 587 3915 Antiquosque
606 3848 703 3916 duces,
722 3847 827 3902 bonum
846 3846 1005 3914 Camillum,

394 3937 452 3989 sue
470 3935 553 3990 duros
573 3935 687 3990 Curium
704 3937 791 3992 boves
811 3937 982 4005 sequentem,

393 4024 452 4078 Aut
470 4024 582 4092 Brutos,
602 4023 717 4092 Fabios,
736 4041 814 4080 senes
835 4024 961 4091 Catones,

394 4115 451 4167 Aut
470 4112 554 4168 fortes
574 4112 685 4180 Dstios,
703 4114 867 4182 patremque
887 4113 1009 4184 [patrem
1028 4111 1143 4183 atquel]
1162 4117 1274 4185 natum,

392 4203 450 4255 Aut
468 4201 596 4257 Crassum
615 4201 809 4268 immodicum,
827 4203 920 4258 truces
940 4201 1088 4272 Cethegus,

339 4380 366 4449 *)
391 4379 581 4450 [Wiederholt
599 4382 628 4435 in
647 4380 791 4451 Freytag's
816 4381 987 4451 ‘Adparatus
1010 4381 1181 4436 litterarius’
1208 4385 1229 4438 t.
1251 4385 1294 4439 lll
1313 4388 1406 4459 (Lips.

252 4472 331 4538 1755)
351 4487 377 4538 p.
398 4468 489 4538 6431,
507 4471 563 4540 vgl.
584 4470 685 4540 Opusc.
705 4471 744 4524 lll
763 4489 789 4540 p.
807 4476 866 4524 114.
904 4470 933 4526 0.
949 4472 1007 4543 W.]
