2992 5004
414 365 679 413 nuuunurrorus
702 364 911 412 rnrvmusa.
1099 414 1105 420 ,
1170 345 1234 409 369

92 509 225 574 maioris
249 507 449 592 integritatis
474 508 613 593 speciem
636 509 837 573 mentiantur
859 510 995 590 tautum,
1018 528 1132 589 reapse
1156 505 1235 569 adeo

92 617 278 702 graviorem
302 614 588 700 interpolationem
610 637 725 700 passae
748 616 827 681 sint:
851 616 938 700 quod
961 619 998 679 ut
1022 612 1149 678 credam
1172 634 1237 677 non

93 723 180 788 leves
211 744 262 787 me
293 744 427 788 caussae
458 726 603 788 movent:
640 724 769 787 tantum
797 721 1096 807 exploratissimum
1124 719 1238 802 habeo,

94 852 166 894 eam
189 830 430 914 correptionum
449 829 709 913 multitudinem,
737 851 834 914 quam
864 829 897 893 in
921 827 1155 894 schediasmate
1179 848 1238 891 suo

95 958 197 1022 aequo
225 937 335 1002 animo
363 934 531 1001 Bentleius
560 937 648 1020 tulit,
681 959 700 1000 a
728 935 881 1000 Plautina
910 935 1039 1021 quidem
1069 937 1138 999 erte
1169 955 1239 998 esse

95 1044 336 1110 alienissimam.
389 1042 592 1128 Quamquam
623 1044 722 1108 etiam
752 1043 837 1127 apud
867 1042 1054 1108 Terentium
1087 1040 1239 1126 quantilli

95 1151 220 1236 negotii
248 1154 305 1215 aut
332 1151 507 1234 quantillae
536 1172 656 1235 quaeso
686 1150 839 1215 audaciae
869 1155 932 1235 est,
965 1151 1054 1216 velut
1076 1149 1111 1214 in
1135 1149 1240 1233 prime

96 1257 239 1323 Andriae
267 1280 385 1324 scaena
413 1258 545 1323 duriora
571 1258 631 1322 illa
657 1263 686 1322 et
711 1259 748 1323 td
771 1262 910 1341 protam,
942 1259 995 1324 sed
1014 1257 1067 1322 laic
1089 1255 1168 1321 mibi
1195 1255 1240 1322 sic

95 1386 272 1430 removere:

186 1506 232 1571 Et
254 1508 383 1592 gnitum
406 1508 440 1572 id
464 1508 566 1573 fuisse
590 1509 764 1574 adu6rsum
788 1513 820 1573 te
843 1509 948 1575 habeo
972 1510 1120 1596 gratiam.

189 1611 251 1678 Sed
273 1612 334 1679 hoo
358 1613 575 1678 molestumst:
598 1614 674 1679 nam
697 1615 798 1681 istaec
821 1616 1096 1681 commemcrdtic.

99 1754 162 1821 Vel
190 1755 224 1820 in
251 1756 357 1840 prima
386 1778 502 1822 scaena
527 1756 699 1842 Adelphon
727 1758 912 1843 graviorem
935 1758 1035 1822 etiam
1058 1757 1175 1823 horum
1199 1757 1245 1822 cf·
1259 1777 1336 1817 oxrx

100 1861 292 1927 sensionem:
328 1864 415 1930 amdt
441 1863 566 1929 dabitur
592 1884 614 1927 α
641 1885 688 1929 me
715 1870 889 1948 arpentum,
917 1864 1018 1930 studit
1038 1887 1102 1947 per
1123 1866 1245 1946 referre,

101 1969 174 2054 quis
196 1969 361 2036 dubitabit
383 1970 445 2036 hac
468 1970 692 2035 emendatione
715 1970 842 2035 tollere:

193 2111 306 2177 Amat:
331 2115 349 2177 a
373 2136 424 2178 me
449 2116 619 2199 argentum
641 2113 779 2197 dabitur,
802 2113 879 2177 dum
903 2114 965 2178 erit
983 2113 1197 2179 cdmmodum.

192 2217 306 2284 Studet
328 2219 462 2285 referre:
485 2221 641 2304 praesens
666 2221 845 2305 absensque
868 2218 956 2284 idem
980 2220 1054 2286 erit:

103 2363 293 2446 praesertim
321 2385 395 2427 cum
422 2362 617 2447 compererit
643 2362 677 2426 in
705 2362 777 2427 aliis
806 2363 899 2428 libris
929 2385 998 2428 esse
1022 2363 1182 2446 perpuri
1203 2381 1248 2426 re·

101 2468 192 2549 serre,
214 2469 249 2533 in
268 2469 342 2534 aliis
357 2491 419 2552 por
431 2470 553 2551 referre,
576 2469 671 2553 unde,
693 2469 853 2554 quomodo
874 2471 1011 2536 creverit
1029 2469 1250 2554 interpolatio,

104 2578 274 2660 tamquam
301 2576 335 2640 in
363 2575 474 2641 oculos
501 2575 647 2640 incurrit.
692 2573 741 2639 De
765 2576 917 2660 qualibus
940 2578 1006 2641 iam
1029 2577 1107 2641 olim
1131 2575 1250 2658 monui,

106 2703 180 2747 cum
204 2680 260 2746 ‘de
285 2682 509 2748 emendatione
531 2682 717 2747 fabularum
732 2680 1014 2749 Terentieuarum'
1030 2682 1250 2748 Vratisleviae

107 2811 135 2852 a.
159 2805 452 2854 clomcccxxxvm
476 2790 533 2871 [=
548 2786 663 2873 Opusc.
687 2788 766 2872 phil.
789 2788 839 2854 ΙΙΙ
862 2812 892 2874 p.
907 2790 969 2856 281
983 2792 1065 2873 sqq]
1089 2811 1271 2882 commen-¹

108 2899 197 2960 tatus
220 2892 346 2981 sum.*)
392 2895 454 2960 His
483 2899 592 2960 autem
620 2895 717 2979 plene
741 2895 915 2979 gemellum
939 2895 1134 2981 exemplum,
1165 2895 1251 2980 quod
1266 2913 1330 2954 cxx

107 3002 289 3068 Trinummi
313 3025 342 3067 v.
369 3002 431 3067 109
455 3002 621 3067 exstabat:

197 3177 285 3248 ⁸)1bi
304 3176 335 3248 [l.
356 3195 378 3234 s.
397 3196 419 3232 s.
437 3196 465 3248 p.
485 3178 616 3249 296sq.]‚
639 3180 671 3232 ut
689 3177 742 3233 hcc
761 3177 876 3245 addam,
899 3195 934 3234 ue
958 3195 976 3232 a
994 3179 1121 3234 ecdicum
1139 3177 1253 3248 quidem
1367 3190 1368 3193 ’

111 3266 281 3323 auctoritate
300 3265 385 3321 fidem
402 3265 507 3322 habere
524 3266 604 3322 velut
621 3267 673 3322 hor
692 3266 851 3323 horridulcs
869 3267 1022 3323 versiculos
1038 3268 1120 3324 docui
1135 3266 1253 3338 Adelph.

109 3356 181 3428 prol.
200 3363 217 3411 4
236 3357 265 3411 et
282 3356 303 3424 1,
324 3362 347 3423 1,
367 3360 414 3410 15:

272 3461 379 3517 Indicio
397 3462 432 3517 de
452 3479 481 3517 se
500 3461 561 3532 ipse
580 3463 645 3528 aa,
664 3462 809 3518 ausaritis
828 3462 943 3519 iddices.

272 3552 364 3623 Atque
383 3552 417 3606 dx
434 3568 479 3606 me
499 3552 545 3608 hie
562 3554 645 3607 netur
663 3554 719 3606 nbn
738 3554 794 3620 est,
812 3552 861 3609 sed
879 3571 913 3609 aa
929 3554 1025 3621 fratre.
1045 3555 1069 3607 is
1087 3552 1170 3608 adeo:

113 3662 231 3730 quorum
253 3656 408 3729 posteriore
432 3658 468 3713 ad
491 3657 699 3714 intolerabilem
722 3661 888 3728 quattuor
911 3660 1124 3716 consonantium
1148 3675 1256 3728 correp-

112 3749 218 3803 tionem
242 3745 353 3803 aecedit
375 3746 479 3802 vitiosa
502 3746 623 3802 admisso
646 3747 676 3800 in
699 3747 828 3816 quintum
851 3748 951 3817 pedem
974 3749 1087 3819 dactylo
1107 3747 1256 3818 diremptio

114 3836 314 3893 vocabulorum
328 3847 374 3890 ,u
385 3836 396 3905 l
407 3860 489 3902 υυ-,
508 3835 596 3890 multo
614 3834 666 3888 illa
684 3835 774 3905 magis
792 3835 915 3892 insolens
934 3855 1019 3907 quam
1033 3840 1103 3893 haec
1117 3850 1205 3892 „eoo
1220 3839 1224 3909 Ι
1241 3881 1258 3890 .

113 3925 144 3980 iu
162 3924 318 3980 Trinummi
334 3943 361 3980 v.
382 3929 447 3980 6512
475 3929 506 3978 ut
523 3925 620 3978 solitas
638 3940 678 3990 es,
702 3925 747 3978 vel
766 3925 884 3995 Adelph.
905 3927 926 3994 Ι,
946 3933 971 3993 1,
991 3933 1020 3980 4:
1049 3944 1080 3981 eo
1097 3928 1186 3982 satias
1212 3931 1257 3981 eet.

116 4013 209 4079 Quare
232 4013 301 4084 ipris
323 4013 458 4069 librorum
482 4011 609 4082 vestigiis
632 4012 727 4081 eisque
746 4029 781 4068 ex
799 4016 879 4083 parte
898 4031 1011 4085 prorsus
1029 4014 1201 4084 manifestis,
1229 4017 1260 4069 et

115 4102 376 4172 antiquissimorum
399 4102 513 4172 quidem
536 4101 760 4171 optimorumque
784 4089 932 4174 librorum,
960 4120 1027 4159 usus
1051 4121 1112 4158 sum
1132 4104 1167 4159 ad
1186 4105 1259 4158 hauc

115 4191 239 4261 speeiem
256 4206 388 4246 versuum
405 4191 519 4246 illorum
538 4189 800 4245 commendandam:

277 4296 383 4353 Indicio
402 4297 437 4352 de
456 4312 486 4351 se
505 4296 575 4366 ipse,
594 4298 623 4351 et
640 4313 691 4352 uos
710 4297 788 4352 critis
806 4298 921 4355 iddices.

278 4388 369 4455 Atqm
388 4387 422 4440 6¹
440 4402 485 4441 me
504 4385 550 4440 hic
568 4388 651 4440 natur
670 4389 727 4441 non
746 4388 796 4455 est,
816 4387 864 4442 rad
883 4388 971 4443 fratrs
990 4389 1024 4443 ex
1042 4406 1118 4445 mec:

278 4474 414 4531 Dissimili
433 4475 457 4530 is
476 4474 598 4530 studiost
615 4474 672 4530 iam
690 4475 755 4530 inde
774 4477 810 4532 ab
830 4477 1029 4536 adulescentia.

172 4583 213 4619 ra.
233 4582 383 4618 arrecnumr
401 4580 538 4618 orvscvus
557 4582 582 4617 v.
1014 4573 1049 4622 ⁶24
