<?xml version="1.0" encoding="UTF-8"?>
<!DOCTYPE html PUBLIC "-//W3C//DTD XHTML 1.0 Transitional//EN"
    "http://www.w3.org/TR/xhtml1/DTD/xhtml1-transitional.dtd">
<html xmlns="http://www.w3.org/1999/xhtml" xml:lang="en" lang="en">
 <head>
  <title>
</title>
<meta http-equiv="Content-Type" content="text/html;charset=utf-8" />
  <meta name='ocr-system' content='tesseract 3.04.00' />
  <meta name='ocr-capabilities' content='ocr_page ocr_carea ocr_par ocr_line ocrx_word'/>
</head>
<body>
  <div class='ocr_page' id='page_1' title='image "./fridericiritsch05wachgoog_0773.png"; bbox 0 0 2918 5010; ppageno 0'>
   <div class='ocr_carea' id='block_1_1' title="bbox 241 351 893 415">
    <p class='ocr_par' dir='ltr' id='par_1_1' title="bbox 241 351 893 415">
     <span class='ocr_line' id='line_1_1' title="bbox 241 351 893 415; baseline 0 -1"><span class='ocrx_word' id='word_1_1' title='bbox 241 351 305 415; x_wconf 78' lang='grc'><strong>756</strong></span> <span class='ocrx_word' id='word_1_2' title='bbox 736 365 893 414; x_wconf 75' lang='lat' dir='ltr'><strong>sununs.</strong></span> 
     </span>
    </p>
   </div>
   <div class='ocr_carea' id='block_1_2' title="bbox 240 508 1383 594">
    <p class='ocr_par' dir='ltr' id='par_1_2' title="bbox 240 508 1383 594">
     <span class='ocr_line' id='line_1_2' title="bbox 240 508 1383 594; baseline 0 -20"><span class='ocrx_word' id='word_1_3' title='bbox 240 508 277 594; x_wconf 82' lang='lat'><strong>9)</strong></span> <span class='ocrx_word' id='word_1_4' title='bbox 303 509 428 594; x_wconf 82' lang='lat' dir='ltr'><strong>Corpus</strong></span> <span class='ocrx_word' id='word_1_5' title='bbox 452 511 699 594; x_wconf 73' lang='lat' dir='ltr'><strong>inscriptionum</strong></span> <span class='ocrx_word' id='word_1_6' title='bbox 719 510 950 574; x_wconf 87' lang='lat' dir='ltr'><strong>Rhenanarum</strong></span> <span class='ocrx_word' id='word_1_7' title='bbox 973 509 1111 573; x_wconf 86' lang='lat' dir='ltr'><strong>consilio</strong></span> <span class='ocrx_word' id='word_1_8' title='bbox 1135 514 1168 573; x_wconf 93' lang='lat' dir='ltr'><strong>et</strong></span> <span class='ocrx_word' id='word_1_9' title='bbox 1191 511 1383 576; x_wconf 82' lang='lat' dir='ltr'><strong>auctoritate</strong></span> 
     </span>
    </p>
   </div>
   <div class='ocr_carea' id='block_1_3' title="bbox 329 615 1383 788">
    <p class='ocr_par' dir='ltr' id='par_1_3' title="bbox 329 615 1383 788">
     <span class='ocr_line' id='line_1_3' title="bbox 329 615 1383 701; baseline -0.001 -20"><span class='ocrx_word' id='word_1_10' title='bbox 329 618 494 682; x_wconf 87' lang='lat' dir='ltr'><strong>societatis</strong></span> <span class='ocrx_word' id='word_1_11' title='bbox 519 617 776 701; x_wconf 78' lang='lat' dir='ltr'><strong>antiquariorum</strong></span> <span class='ocrx_word' id='word_1_12' title='bbox 801 616 977 680; x_wconf 86' lang='lat' dir='ltr'><strong>Rhenanae</strong></span> <span class='ocrx_word' id='word_1_13' title='bbox 1002 616 1049 679; x_wconf 89' lang='lat' dir='ltr'><strong>ed.</strong></span> <span class='ocrx_word' id='word_1_14' title='bbox 1078 615 1163 680; x_wconf 85' lang='lat' dir='ltr'><strong>Guil.</strong></span> <span class='ocrx_word' id='word_1_15' title='bbox 1191 615 1383 682; x_wconf 84' lang='lat' dir='ltr'><strong>Brambach.</strong></span> 
     </span>
     <span class='ocr_line' id='line_1_4' title="bbox 329 721 1290 788; baseline 0.003 -3"><span class='ocrx_word' id='word_1_16' title='bbox 329 723 498 788; x_wconf 87' lang='lat' dir='ltr'><strong>Praefatus</strong></span> <span class='ocrx_word' id='word_1_17' title='bbox 522 728 573 787; x_wconf 90' lang='lat' dir='ltr'><strong>est</strong></span> <span class='ocrx_word' id='word_1_18' title='bbox 596 723 629 788; x_wconf 76' lang='lat' dir='ltr'><strong>F.</strong></span> <span class='ocrx_word' id='word_1_19' title='bbox 655 723 791 788; x_wconf 89' lang='lat' dir='ltr'><strong>Ritschl.</strong></span> <span class='ocrx_word' id='word_1_20' title='bbox 819 722 988 788; x_wconf 82' lang='lat' dir='ltr'><strong>Elberfeld</strong></span> <span class='ocrx_word' id='word_1_21' title='bbox 1015 723 1107 788; x_wconf 72' lang='lat'>1867.</span> <span class='ocrx_word' id='word_1_22' title='bbox 1137 721 1290 788; x_wconf 90' lang='lat' dir='ltr'><strong>Vorrede.</strong></span> 
     </span>
    </p>
   </div>
   <div class='ocr_carea' id='block_1_4' title="bbox 796 1079 834 1144">
    <p class='ocr_par' dir='ltr' id='par_1_4' title="bbox 796 1079 834 1144">
     <span class='ocr_line' id='line_1_5' title="bbox 796 1079 834 1144; baseline 0.026 -1"><span class='ocrx_word' id='word_1_23' title='bbox 796 1079 834 1144; x_wconf 86' lang='lat' dir='ltr'><strong>V.</strong></span> 
     </span>
    </p>
   </div>
   <div class='ocr_carea' id='block_1_5' title="bbox 726 1218 899 1300">
    <p class='ocr_par' dir='ltr' id='par_1_5' title="bbox 726 1218 899 1300">
     <span class='ocr_line' id='line_1_6' title="bbox 726 1218 899 1300; baseline 0.006 -1"><span class='ocrx_word' id='word_1_24' title='bbox 726 1218 899 1300; x_wconf 83' lang='lat' dir='ltr'><strong>Zusttne.</strong></span> 
     </span>
    </p>
   </div>
   <div class='ocr_carea' id='block_1_6' title="bbox 802 1382 828 1444">
    <p class='ocr_par' dir='ltr' id='par_1_6' title="bbox 802 1382 828 1444">
     <span class='ocr_line' id='line_1_7' title="bbox 802 1382 828 1444; baseline 0 0"><span class='ocrx_word' id='word_1_25' title='bbox 802 1382 828 1444; x_wconf 88' lang='lat'><strong>1.</strong></span> 
     </span>
    </p>
   </div>
   <div class='ocr_carea' id='block_1_7' title="bbox 386 1503 1232 1588">
    <p class='ocr_par' dir='ltr' id='par_1_7' title="bbox 386 1503 1232 1588">
     <span class='ocr_line' id='line_1_8' title="bbox 386 1503 1232 1588; baseline 0 -20"><span class='ocrx_word' id='word_1_26' title='bbox 386 1504 792 1588; x_wconf 87' lang='lat' dir='ltr'><strong>Dedicationsepistel</strong></span> <span class='ocrx_word' id='word_1_27' title='bbox 816 1527 862 1569; x_wconf 91' lang='lat' dir='ltr'><strong>an</strong></span> <span class='ocrx_word' id='word_1_28' title='bbox 885 1506 956 1569; x_wconf 91' lang='lat' dir='ltr'><strong>den</strong></span> <span class='ocrx_word' id='word_1_29' title='bbox 979 1504 1120 1569; x_wconf 85' lang='lat' dir='ltr'><strong>Grafeu</strong></span> <span class='ocrx_word' id='word_1_30' title='bbox 1145 1503 1232 1569; x_wconf 88' lang='lat' dir='ltr'><strong>Orti</strong></span> 
     </span>
    </p>
   </div>
   <div class='ocr_carea' id='block_1_8' title="bbox 240 1627 1376 1822">
    <p class='ocr_par' dir='ltr' id='par_1_8' title="bbox 240 1627 1376 1822">
     <span class='ocr_line' id='line_1_9' title="bbox 240 1627 1373 1714; baseline 0 -20"><span class='ocrx_word' id='word_1_31' title='bbox 240 1627 288 1714; x_wconf 89' lang='lat' dir='ltr'><strong>(in</strong></span> <span class='ocrx_word' id='word_1_32' title='bbox 312 1629 474 1713; x_wconf 82' lang='lat' dir='ltr'><strong>‘Dionysii</strong></span> <span class='ocrx_word' id='word_1_33' title='bbox 498 1628 798 1694; x_wconf 87' lang='lat' dir='ltr'><strong>Halicarnassensis</strong></span> <span class='ocrx_word' id='word_1_34' title='bbox 822 1630 1023 1714; x_wconf 91' lang='lat' dir='ltr'><strong>prooemium</strong></span> <span class='ocrx_word' id='word_1_35' title='bbox 1047 1628 1293 1713; x_wconf 75' lang='lat' dir='ltr'><strong>Antiquitatum</strong></span> <span class='ocrx_word' id='word_1_36' title='bbox 1317 1628 1373 1694; x_wconf 83' lang='lat' dir='ltr'><strong>Ro</strong></span> 
     </span>
     <span class='ocr_line' id='line_1_10' title="bbox 240 1734 1376 1822; baseline -0.001 -23"><span class='ocrx_word' id='word_1_37' title='bbox 240 1758 410 1801; x_wconf 89' lang='lat' dir='ltr'><strong>manarum</strong></span> <span class='ocrx_word' id='word_1_38' title='bbox 425 1759 441 1800; x_wconf 95' lang='lat' dir='ltr'><strong>e</strong></span> <span class='ocrx_word' id='word_1_39' title='bbox 457 1737 621 1801; x_wconf 83' lang='lat' dir='ltr'><strong>codicibus</strong></span> <span class='ocrx_word' id='word_1_40' title='bbox 636 1759 722 1822; x_wconf 80' lang='lat' dir='ltr'><strong>mss,</strong></span> <span class='ocrx_word' id='word_1_41' title='bbox 737 1737 775 1801; x_wconf 91' lang='lat' dir='ltr'><strong>de</strong></span> <span class='ocrx_word' id='word_1_42' title='bbox 792 1758 928 1821; x_wconf 90' lang='lat' dir='ltr'><strong>quorum</strong></span> <span class='ocrx_word' id='word_1_43' title='bbox 942 1735 1050 1799; x_wconf 90' lang='lat' dir='ltr'><strong>indole</strong></span> <span class='ocrx_word' id='word_1_44' title='bbox 1065 1738 1098 1800; x_wconf 89' lang='lat' dir='ltr'><strong>et</strong></span> <span class='ocrx_word' id='word_1_45' title='bbox 1113 1757 1173 1799; x_wconf 89' lang='lat' dir='ltr'><strong>usu</strong></span> <span class='ocrx_word' id='word_1_46' title='bbox 1188 1734 1376 1819; x_wconf 87' lang='lat' dir='ltr'><strong>disputatur,</strong></span> 
     </span>
    </p>
   </div>
   <div class='ocr_carea' id='block_1_9' title="bbox 262 1841 1356 1929">
    <p class='ocr_par' dir='ltr' id='par_1_9' title="bbox 262 1841 1356 1929">
     <span class='ocr_line' id='line_1_11' title="bbox 262 1841 1356 1929; baseline -0.001 -23"><span class='ocrx_word' id='word_1_47' title='bbox 262 1843 466 1907; x_wconf 89' lang='lat' dir='ltr'><strong>emendatum</strong></span> <span class='ocrx_word' id='word_1_48' title='bbox 490 1842 531 1906; x_wconf 93' lang='lat' dir='ltr'><strong>ab</strong></span> <span class='ocrx_word' id='word_1_49' title='bbox 555 1841 590 1907; x_wconf 79' lang='lat' dir='ltr'><strong>F.</strong></span> <span class='ocrx_word' id='word_1_50' title='bbox 614 1842 665 1906; x_wconf 71' lang='lat' dir='ltr'><strong>R?</strong></span> <span class='ocrx_word' id='word_1_51' title='bbox 689 1842 824 1907; x_wconf 87' lang='lat' dir='ltr'><strong>Vratisl.</strong></span> <span class='ocrx_word' id='word_1_52' title='bbox 847 1865 897 1926; x_wconf 86' lang='lat' dir='ltr'><strong>ap.</strong></span> <span class='ocrx_word' id='word_1_53' title='bbox 922 1841 959 1906; x_wconf 88' lang='lat' dir='ltr'><strong>G.</strong></span> <span class='ocrx_word' id='word_1_54' title='bbox 981 1841 1039 1906; x_wconf 91' lang='lat' dir='ltr'><strong>Ph.</strong></span> <span class='ocrx_word' id='word_1_55' title='bbox 1064 1841 1224 1906; x_wconf 83' lang='lat' dir='ltr'><strong>Aderholz</strong></span> <span class='ocrx_word' id='word_1_56' title='bbox 1252 1841 1356 1929; x_wconf 84' lang='lat'><strong>1838).</strong></span> 
     </span>
    </p>
   </div>
   <div class='ocr_carea' id='block_1_10' title="bbox 188 1981 1406 2391">
    <p class='ocr_par' dir='ltr' id='par_1_10' title="bbox 188 1981 1406 2391">
     <span class='ocr_line' id='line_1_12' title="bbox 188 1981 1406 2069; baseline 0.005 -27"><span class='ocrx_word' id='word_1_57' title='bbox 188 2002 226 2042; x_wconf 91' lang='lat'><strong>111</strong></span> <span class='ocrx_word' id='word_1_58' title='bbox 329 1981 1220 2069; x_wconf 66' lang='lat' dir='ltr'><strong>umnuarovsarascnsmvspannonum</strong></span> <span class='ocrx_word' id='word_1_59' title='bbox 1235 1983 1406 2060; x_wconf 21' lang='lat' dir='ltr'><strong>muso·-</strong></span> 
     </span>
     <span class='ocr_line' id='line_1_13' title="bbox 239 2088 1377 2171; baseline -0.002 -16"><span class='ocrx_word' id='word_1_60' title='bbox 239 2090 365 2156; x_wconf 79' lang='lat' dir='ltr'><strong>uruo</strong></span> <span class='ocrx_word' id='word_1_61' title='bbox 391 2096 396 2171; x_wconf 80' lang='lat' dir='ltr'><strong>l</strong></span> <span class='ocrx_word' id='word_1_62' title='bbox 421 2089 572 2156; x_wconf 84' lang='lat' dir='ltr'><strong>corum</strong></span> <span class='ocrx_word' id='word_1_63' title='bbox 605 2091 666 2156; x_wconf 87' lang='lat' dir='ltr'><strong>nn</strong></span> <span class='ocrx_word' id='word_1_64' title='bbox 697 2089 857 2156; x_wconf 76' lang='lat' dir='ltr'><strong>nonnis</strong></span> <span class='ocrx_word' id='word_1_65' title='bbox 893 2089 952 2155; x_wconf 85' lang='lat' dir='ltr'><strong>na</strong></span> <span class='ocrx_word' id='word_1_66' title='bbox 985 2088 1176 2155; x_wconf 70' lang='lat' dir='ltr'><strong>unuani</strong></span> <span class='ocrx_word' id='word_1_67' title='bbox 1201 2098 1207 2168; x_wconf 78' lang='grc' dir='ltr'>ι</span> <span class='ocrx_word' id='word_1_68' title='bbox 1234 2089 1377 2156; x_wconf 78' lang='lat' dir='ltr'><strong>noem</strong></span> 
     </span>
     <span class='ocr_line' id='line_1_14' title="bbox 239 2194 1378 2280; baseline -0.001 -18"><span class='ocrx_word' id='word_1_69' title='bbox 239 2196 494 2263; x_wconf 83' lang='lat' dir='ltr'><strong>vuaouuusr</strong></span> <span class='ocrx_word' id='word_1_70' title='bbox 514 2197 518 2280; x_wconf 66' lang='lat' dir='ltr'><strong>l</strong></span> <span class='ocrx_word' id='word_1_71' title='bbox 540 2195 676 2262; x_wconf 82' lang='lat' dir='ltr'><strong>uvam</strong></span> <span class='ocrx_word' id='word_1_72' title='bbox 701 2195 877 2262; x_wconf 82' lang='lat' dir='ltr'><strong>Pvamor</strong></span> <span class='ocrx_word' id='word_1_73' title='bbox 901 2195 1130 2260; x_wconf 74' lang='lat' dir='ltr'><strong>unernnan</strong></span> <span class='ocrx_word' id='word_1_74' title='bbox 1155 2194 1378 2263; x_wconf 75' lang='lat' dir='ltr'><strong>assonan-</strong></span> 
     </span>
     <span class='ocr_line' id='line_1_15' title="bbox 239 2301 1378 2391; baseline -0.002 -22"><span class='ocrx_word' id='word_1_75' title='bbox 239 2303 301 2369; x_wconf 86' lang='lat' dir='ltr'><strong>srs</strong></span> <span class='ocrx_word' id='word_1_76' title='bbox 315 2303 653 2370; x_wconf 75' lang='lat' dir='ltr'><strong>oonsuavnuom</strong></span> <span class='ocrx_word' id='word_1_77' title='bbox 669 2302 672 2391; x_wconf 65' lang='grc' dir='ltr'>ι</span> <span class='ocrx_word' id='word_1_78' title='bbox 689 2301 928 2368; x_wconf 79' lang='lat' dir='ltr'><strong>omucnoar</strong></span> <span class='ocrx_word' id='word_1_79' title='bbox 942 2302 1224 2368; x_wconf 70' lang='lat' dir='ltr'><strong>eonsensum</strong></span> <span class='ocrx_word' id='word_1_80' title='bbox 1240 2303 1244 2391; x_wconf 71' lang='grc'>1</span> <span class='ocrx_word' id='word_1_81' title='bbox 1261 2303 1378 2369; x_wconf 75' lang='lat' dir='ltr'><strong>suan.</strong></span> 
     </span>
    </p>
   </div>
   <div class='ocr_carea' id='block_1_11' title="bbox 240 2408 1179 2486">
    <p class='ocr_par' dir='ltr' id='par_1_11' title="bbox 240 2408 1179 2486">
     <span class='ocr_line' id='line_1_16' title="bbox 240 2408 1179 2486; baseline 0 -10"><span class='ocrx_word' id='word_1_82' title='bbox 240 2410 418 2476; x_wconf 84' lang='lat' dir='ltr'>ORDINIS</span> <span class='ocrx_word' id='word_1_83' title='bbox 442 2408 496 2475; x_wconf 82' lang='lat' dir='ltr'><strong>SS.</strong></span> <span class='ocrx_word' id='word_1_84' title='bbox 520 2410 729 2475; x_wconf 84' lang='lat' dir='ltr'>MAVRITII</span> <span class='ocrx_word' id='word_1_85' title='bbox 754 2410 811 2474; x_wconf 83' lang='grc' dir='ltr'><strong>ΕΤ</strong></span> <span class='ocrx_word' id='word_1_86' title='bbox 835 2409 996 2475; x_wconf 83' lang='lat' dir='ltr'><strong>LAZARI</strong></span> <span class='ocrx_word' id='word_1_87' title='bbox 1020 2409 1179 2486; x_wconf 82' lang='lat' dir='ltr'><strong>EQVITI.</strong></span> 
     </span>
    </p>
   </div>
   <div class='ocr_carea' id='block_1_12' title="bbox 143 2553 1382 4568">
    <p class='ocr_par' dir='ltr' id='par_1_12' title="bbox 143 2553 1382 4568">
     <span class='ocr_line' id='line_1_17' title="bbox 326 2553 1377 2639; baseline 0.002 -22"><span class='ocrx_word' id='word_1_88' title='bbox 326 2553 545 2620; x_wconf 83' lang='lat' dir='ltr'><strong>Duodecimus</strong></span> <span class='ocrx_word' id='word_1_89' title='bbox 573 2555 694 2619; x_wconf 91' lang='lat' dir='ltr'><strong>mensis</strong></span> <span class='ocrx_word' id='word_1_90' title='bbox 719 2555 841 2639; x_wconf 84' lang='lat' dir='ltr'><strong>agitur,</strong></span> <span class='ocrx_word' id='word_1_91' title='bbox 869 2575 973 2638; x_wconf 90' lang='lat' dir='ltr'><strong>equo</strong></span> <span class='ocrx_word' id='word_1_92' title='bbox 1003 2571 1088 2636; x_wconf 75' lang='lat' dir='ltr'><strong>avo,</strong></span> <span class='ocrx_word' id='word_1_93' title='bbox 1116 2571 1377 2621; x_wconf 75' lang='lat' dir='ltr'><strong>mnvsrmssma</strong></span> 
     </span>
     <span class='ocr_line' id='line_1_18' title="bbox 239 2659 1378 2746; baseline -0.001 -20"><span class='ocrx_word' id='word_1_94' title='bbox 239 2678 367 2744; x_wconf 81' lang='lat' dir='ltr'><strong>conns,</strong></span> <span class='ocrx_word' id='word_1_95' title='bbox 390 2660 591 2746; x_wconf 82' lang='lat' dir='ltr'><strong>blandaeque</strong></span> <span class='ocrx_word' id='word_1_96' title='bbox 615 2661 704 2725; x_wconf 89' lang='lat' dir='ltr'><strong>urbis</strong></span> <span class='ocrx_word' id='word_1_97' title='bbox 729 2679 822 2726; x_wconf 74' lang='lat' dir='ltr'><strong>avan</strong></span> <span class='ocrx_word' id='word_1_98' title='bbox 841 2660 1028 2725; x_wconf 86' lang='lat' dir='ltr'><strong>dulcissimo</strong></span> <span class='ocrx_word' id='word_1_99' title='bbox 1052 2659 1196 2744; x_wconf 87' lang='lat' dir='ltr'><strong>hospitio</strong></span> <span class='ocrx_word' id='word_1_100' title='bbox 1220 2661 1378 2745; x_wconf 89' lang='lat' dir='ltr'><strong>dimissus,</strong></span> 
     </span>
     <span class='ocr_line' id='line_1_19' title="bbox 143 2766 1378 2857; baseline 0.005 -26"><span class='ocrx_word' id='word_1_101' title='bbox 143 2852 146 2857; x_wconf 18' lang='grc' dir='ltr'>ι</span> <span class='ocrx_word' id='word_1_102' title='bbox 240 2790 257 2832; x_wconf 92' lang='lat' dir='ltr'><strong>e</strong></span> <span class='ocrx_word' id='word_1_103' title='bbox 285 2768 406 2832; x_wconf 88' lang='lat' dir='ltr'><strong>serenis</strong></span> <span class='ocrx_word' id='word_1_104' title='bbox 434 2767 539 2833; x_wconf 86' lang='lat' dir='ltr'><strong>hortis</strong></span> <span class='ocrx_word' id='word_1_105' title='bbox 562 2766 779 2851; x_wconf 88' lang='lat' dir='ltr'><strong>Hesperidum</strong></span> <span class='ocrx_word' id='word_1_106' title='bbox 806 2768 840 2832; x_wconf 88' lang='lat' dir='ltr'><strong>in</strong></span> <span class='ocrx_word' id='word_1_107' title='bbox 867 2767 1064 2852; x_wconf 83' lang='lat' dir='ltr'><strong>caliginosas</strong></span> <span class='ocrx_word' id='word_1_108' title='bbox 1093 2767 1230 2834; x_wconf 87' lang='lat' dir='ltr'><strong>nebulas</strong></span> <span class='ocrx_word' id='word_1_109' title='bbox 1253 2792 1378 2836; x_wconf 89' lang='lat' dir='ltr'><strong>orarum</strong></span> 
     </span>
     <span class='ocr_line' id='line_1_20' title="bbox 239 2872 1379 2963; baseline 0.002 -24"><span class='ocrx_word' id='word_1_110' title='bbox 239 2872 486 2939; x_wconf 84' lang='lat' dir='ltr'><strong>Cimmeriarum</strong></span> <span class='ocrx_word' id='word_1_111' title='bbox 509 2874 599 2939; x_wconf 90' lang='lat' dir='ltr'><strong>redii.</strong></span> <span class='ocrx_word' id='word_1_112' title='bbox 642 2874 713 2951; x_wconf 84' lang='lat' dir='ltr'><strong>Quo</strong></span> <span class='ocrx_word' id='word_1_113' title='bbox 736 2875 824 2940; x_wconf 91' lang='lat' dir='ltr'><strong>omni</strong></span> <span class='ocrx_word' id='word_1_114' title='bbox 847 2878 992 2957; x_wconf 90' lang='lat' dir='ltr'><strong>tempore</strong></span> <span class='ocrx_word' id='word_1_115' title='bbox 1017 2873 1081 2938; x_wconf 93' lang='lat' dir='ltr'><strong>dici</strong></span> <span class='ocrx_word' id='word_1_116' title='bbox 1099 2875 1153 2939; x_wconf 84' lang='lat' dir='ltr'><strong>vix</strong></span> <span class='ocrx_word' id='word_1_117' title='bbox 1175 2879 1379 2963; x_wconf 78' lang='lat' dir='ltr'><strong>potestque</strong></span> 
     </span>
     <span class='ocr_line' id='line_1_21' title="bbox 239 2981 1378 3067; baseline 0.003 -23"><span class='ocrx_word' id='word_1_118' title='bbox 239 2981 300 3045; x_wconf 88' lang='lat' dir='ltr'><strong>ties</strong></span> <span class='ocrx_word' id='word_1_119' title='bbox 325 2999 384 3045; x_wconf 76' lang='lat' dir='ltr'><strong>avr</strong></span> <span class='ocrx_word' id='word_1_120' title='bbox 408 3003 444 3044; x_wconf 90' lang='lat' dir='ltr'><strong>ac</strong></span> <span class='ocrx_word' id='word_1_121' title='bbox 469 2982 625 3046; x_wconf 83' lang='lat' dir='ltr'><strong>virtutum</strong></span> <span class='ocrx_word' id='word_1_122' title='bbox 645 2999 787 3047; x_wconf 78' lang='lat' dir='ltr'><strong>rvaavn</strong></span> <span class='ocrx_word' id='word_1_123' title='bbox 807 2981 1095 3066; x_wconf 90' lang='lat' dir='ltr'><strong>beneficiorumque</strong></span> <span class='ocrx_word' id='word_1_124' title='bbox 1116 2982 1252 3067; x_wconf 84' lang='lat' dir='ltr'><strong>largiter</strong></span> <span class='ocrx_word' id='word_1_125' title='bbox 1274 2984 1309 3048; x_wconf 91' lang='lat' dir='ltr'><strong>in</strong></span> <span class='ocrx_word' id='word_1_126' title='bbox 1331 3007 1378 3049; x_wconf 89' lang='lat' dir='ltr'><strong>me</strong></span> 
     </span>
     <span class='ocr_line' id='line_1_22' title="bbox 239 3087 1378 3173; baseline 0.003 -19"><span class='ocrx_word' id='word_1_127' title='bbox 239 3090 429 3154; x_wconf 89' lang='lat' dir='ltr'><strong>collatorum</strong></span> <span class='ocrx_word' id='word_1_128' title='bbox 453 3092 524 3153; x_wconf 90' lang='lat' dir='ltr'><strong>tum</strong></span> <span class='ocrx_word' id='word_1_129' title='bbox 548 3088 632 3173; x_wconf 88' lang='lat' dir='ltr'><strong>apud</strong></span> <span class='ocrx_word' id='word_1_130' title='bbox 656 3110 707 3151; x_wconf 90' lang='lat' dir='ltr'><strong>me</strong></span> <span class='ocrx_word' id='word_1_131' title='bbox 731 3088 920 3152; x_wconf 87' lang='lat' dir='ltr'><strong>memoriam</strong></span> <span class='ocrx_word' id='word_1_132' title='bbox 944 3087 1148 3173; x_wconf 85' lang='lat' dir='ltr'><strong>recoluerim,</strong></span> <span class='ocrx_word' id='word_1_133' title='bbox 1180 3093 1252 3155; x_wconf 89' lang='lat' dir='ltr'><strong>tum</strong></span> <span class='ocrx_word' id='word_1_134' title='bbox 1276 3113 1378 3157; x_wconf 85' lang='lat' dir='ltr'><strong>coram</strong></span> 
     </span>
     <span class='ocr_line' id='line_1_23' title="bbox 239 3194 1380 3297; baseline 0.003 -38"><span class='ocrx_word' id='word_1_135' title='bbox 239 3195 350 3260; x_wconf 88' lang='lat' dir='ltr'><strong>amicis</strong></span> <span class='ocrx_word' id='word_1_136' title='bbox 378 3216 436 3297; x_wconf 64' lang='lat' dir='ltr'><strong>pqr</strong></span> <span class='ocrx_word' id='word_1_137' title='bbox 473 3195 666 3259; x_wconf 88' lang='lat' dir='ltr'><strong>cottidianas</strong></span> <span class='ocrx_word' id='word_1_138' title='bbox 695 3194 956 3278; x_wconf 84' lang='lat' dir='ltr'><strong>opportunitates</strong></span> <span class='ocrx_word' id='word_1_139' title='bbox 989 3196 1051 3260; x_wconf 89' lang='lat' dir='ltr'><strong>sim</strong></span> <span class='ocrx_word' id='word_1_140' title='bbox 1083 3194 1259 3279; x_wconf 87' lang='lat' dir='ltr'><strong>professas.</strong></span> <span class='ocrx_word' id='word_1_141' title='bbox 1310 3198 1380 3264; x_wconf 87' lang='lat' dir='ltr'><strong>Sive</strong></span> 
     </span>
     <span class='ocr_line' id='line_1_24' title="bbox 239 3301 1379 3389; baseline 0.004 -24"><span class='ocrx_word' id='word_1_142' title='bbox 239 3302 325 3366; x_wconf 89' lang='lat' dir='ltr'><strong>enim</strong></span> <span class='ocrx_word' id='word_1_143' title='bbox 356 3323 464 3365; x_wconf 86' lang='lat' dir='ltr'><strong>veram</strong></span> <span class='ocrx_word' id='word_1_144' title='bbox 495 3323 554 3366; x_wconf 89' lang='lat' dir='ltr'><strong>nec</strong></span> <span class='ocrx_word' id='word_1_145' title='bbox 586 3301 727 3366; x_wconf 87' lang='lat' dir='ltr'><strong>fucatam</strong></span> <span class='ocrx_word' id='word_1_146' title='bbox 761 3302 991 3366; x_wconf 86' lang='lat' dir='ltr'><strong>liberalitatem</strong></span> <span class='ocrx_word' id='word_1_147' title='bbox 1022 3320 1116 3365; x_wconf 74' lang='lat' dir='ltr'><strong>uvam</strong></span> <span class='ocrx_word' id='word_1_148' title='bbox 1149 3305 1279 3389; x_wconf 84' lang='lat' dir='ltr'><strong>cogito,</strong></span> <span class='ocrx_word' id='word_1_149' title='bbox 1316 3307 1379 3369; x_wconf 86' lang='lat' dir='ltr'><strong>sive</strong></span> 
     </span>
     <span class='ocr_line' id='line_1_25' title="bbox 239 3406 1380 3496; baseline 0.002 -25"><span class='ocrx_word' id='word_1_150' title='bbox 239 3431 346 3472; x_wconf 89' lang='lat' dir='ltr'><strong>raram</strong></span> <span class='ocrx_word' id='word_1_151' title='bbox 371 3408 468 3472; x_wconf 89' lang='lat' dir='ltr'><strong>etiam</strong></span> <span class='ocrx_word' id='word_1_152' title='bbox 492 3407 525 3471; x_wconf 92' lang='lat' dir='ltr'><strong>in</strong></span> <span class='ocrx_word' id='word_1_153' title='bbox 548 3406 668 3473; x_wconf 86' lang='lat' dir='ltr'><strong>Vestra</strong></span> <span class='ocrx_word' id='word_1_154' title='bbox 695 3412 796 3491; x_wconf 86' lang='lat' dir='ltr'><strong>terra,</strong></span> <span class='ocrx_word' id='word_1_155' title='bbox 824 3408 970 3492; x_wconf 90' lang='lat' dir='ltr'><strong>leporum</strong></span> <span class='ocrx_word' id='word_1_156' title='bbox 999 3410 1142 3473; x_wconf 91' lang='lat' dir='ltr'><strong>omnium</strong></span> <span class='ocrx_word' id='word_1_157' title='bbox 1167 3432 1380 3496; x_wconf 76' lang='lat' dir='ltr'><strong>venetumque</strong></span> 
     </span>
     <span class='ocr_line' id='line_1_26' title="bbox 239 3515 1380 3599; baseline 0.005 -21"><span class='ocrx_word' id='word_1_158' title='bbox 239 3515 365 3598; x_wconf 84' lang='lat' dir='ltr'><strong>altrice,</strong></span> <span class='ocrx_word' id='word_1_159' title='bbox 393 3517 552 3580; x_wconf 89' lang='lat' dir='ltr'><strong>sermonis</strong></span> <span class='ocrx_word' id='word_1_160' title='bbox 581 3520 613 3580; x_wconf 89' lang='lat' dir='ltr'><strong>et</strong></span> <span class='ocrx_word' id='word_1_161' title='bbox 636 3540 760 3581; x_wconf 91' lang='lat' dir='ltr'><strong>morum</strong></span> <span class='ocrx_word' id='word_1_162' title='bbox 785 3517 991 3599; x_wconf 82' lang='lat' dir='ltr'><strong>suavitatem,</strong></span> <span class='ocrx_word' id='word_1_163' title='bbox 1020 3516 1088 3580; x_wconf 85' lang='lat' dir='ltr'><strong>aive</strong></span> <span class='ocrx_word' id='word_1_164' title='bbox 1119 3516 1237 3582; x_wconf 86' lang='lat' dir='ltr'><strong>artium</strong></span> <span class='ocrx_word' id='word_1_165' title='bbox 1261 3518 1380 3584; x_wconf 85' lang='lat' dir='ltr'><strong>littera·</strong></span> 
     </span>
     <span class='ocr_line' id='line_1_27' title="bbox 238 3623 1379 3707; baseline 0.007 -24"><span class='ocrx_word' id='word_1_166' title='bbox 238 3643 372 3704; x_wconf 89' lang='lat' dir='ltr'><strong>rumque</strong></span> <span class='ocrx_word' id='word_1_167' title='bbox 404 3643 547 3686; x_wconf 89' lang='lat' dir='ltr'><strong>amorem</strong></span> <span class='ocrx_word' id='word_1_168' title='bbox 578 3623 880 3707; x_wconf 86' lang='lat' dir='ltr'><strong>flagrantissimum,</strong></span> <span class='ocrx_word' id='word_1_169' title='bbox 910 3624 978 3687; x_wconf 85' lang='lat' dir='ltr'><strong>sive</strong></span> <span class='ocrx_word' id='word_1_170' title='bbox 1011 3624 1204 3688; x_wconf 82' lang='lat' dir='ltr'><strong>acerrimum</strong></span> <span class='ocrx_word' id='word_1_171' title='bbox 1238 3625 1379 3690; x_wconf 88' lang='lat' dir='ltr'><strong>studium</strong></span> 
     </span>
     <span class='ocr_line' id='line_1_28' title="bbox 238 3726 1381 3818; baseline 0.007 -28"><span class='ocrx_word' id='word_1_172' title='bbox 238 3727 278 3790; x_wconf 89' lang='lat' dir='ltr'><strong>ad</strong></span> <span class='ocrx_word' id='word_1_173' title='bbox 302 3726 539 3794; x_wconf 87' lang='lat' dir='ltr'><strong>humanitatem</strong></span> <span class='ocrx_word' id='word_1_174' title='bbox 570 3729 848 3794; x_wconf 85' lang='lat' dir='ltr'><strong>informandorum</strong></span> <span class='ocrx_word' id='word_1_175' title='bbox 876 3731 993 3796; x_wconf 83' lang='lat' dir='ltr'><strong>civium</strong></span> <span class='ocrx_word' id='word_1_176' title='bbox 1022 3747 1180 3815; x_wconf 74' lang='lat' dir='ltr'><strong>rvoavru,</strong></span> <span class='ocrx_word' id='word_1_177' title='bbox 1208 3735 1381 3818; x_wconf 86' lang='lat' dir='ltr'><strong>aptumque</strong></span> 
     </span>
     <span class='ocr_line' id='line_1_29' title="bbox 238 3832 1379 3924; baseline 0.007 -29"><span class='ocrx_word' id='word_1_178' title='bbox 238 3832 334 3897; x_wconf 89' lang='lat' dir='ltr'><strong>rebus</strong></span> <span class='ocrx_word' id='word_1_179' title='bbox 357 3835 489 3899; x_wconf 88' lang='lat' dir='ltr'><strong>urbanis</strong></span> <span class='ocrx_word' id='word_1_180' title='bbox 518 3835 736 3920; x_wconf 83' lang='lat' dir='ltr'><strong>gubernandis</strong></span> <span class='ocrx_word' id='word_1_181' title='bbox 760 3837 939 3923; x_wconf 83' lang='lat' dir='ltr'><strong>ingenium:</strong></span> <span class='ocrx_word' id='word_1_182' title='bbox 973 3860 1045 3903; x_wconf 92' lang='lat' dir='ltr'><strong>cum</strong></span> <span class='ocrx_word' id='word_1_183' title='bbox 1070 3839 1172 3902; x_wconf 88' lang='lat' dir='ltr'><strong>multa</strong></span> <span class='ocrx_word' id='word_1_184' title='bbox 1196 3861 1285 3924; x_wconf 89' lang='lat' dir='ltr'><strong>sane,</strong></span> <span class='ocrx_word' id='word_1_185' title='bbox 1308 3840 1379 3905; x_wconf 91' lang='lat' dir='ltr'><strong>dum</strong></span> 
     </span>
     <span class='ocr_line' id='line_1_30' title="bbox 237 3940 1380 4029; baseline 0.007 -27"><span class='ocrx_word' id='word_1_186' title='bbox 237 3940 322 4003; x_wconf 84' lang='lat' dir='ltr'><strong>inter</strong></span> <span class='ocrx_word' id='word_1_187' title='bbox 351 3942 522 4025; x_wconf 88' lang='lat' dir='ltr'><strong>populares</strong></span> <span class='ocrx_word' id='word_1_188' title='bbox 551 3959 639 4007; x_wconf 74' lang='lat' dir='ltr'><strong>avos</strong></span> <span class='ocrx_word' id='word_1_189' title='bbox 669 3966 791 4029; x_wconf 90' lang='lat' dir='ltr'><strong>moror,</strong></span> <span class='ocrx_word' id='word_1_190' title='bbox 829 3946 877 4008; x_wconf 86' lang='lat' dir='ltr'><strong>vel</strong></span> <span class='ocrx_word' id='word_1_191' title='bbox 911 3945 1153 4010; x_wconf 86' lang='lat' dir='ltr'><strong>benevolentiae</strong></span> <span class='ocrx_word' id='word_1_192' title='bbox 1187 3945 1380 4011; x_wconf 86' lang='lat' dir='ltr'><strong>documenta</strong></span> 
     </span>
     <span class='ocr_line' id='line_1_31' title="bbox 238 4048 1381 4138; baseline 0.007 -28"><span class='ocrx_word' id='word_1_193' title='bbox 238 4051 388 4130; x_wconf 82' lang='lat' dir='ltr'><strong>expertus</strong></span> <span class='ocrx_word' id='word_1_194' title='bbox 422 4048 484 4111; x_wconf 91' lang='lat' dir='ltr'><strong>sim</strong></span> <span class='ocrx_word' id='word_1_195' title='bbox 520 4048 571 4111; x_wconf 85' lang='lat' dir='ltr'><strong>vel</strong></span> <span class='ocrx_word' id='word_1_196' title='bbox 606 4049 705 4133; x_wconf 83' lang='lat' dir='ltr'><strong>digna</strong></span> <span class='ocrx_word' id='word_1_197' title='bbox 740 4050 958 4115; x_wconf 86' lang='lat' dir='ltr'><strong>aemulatione</strong></span> <span class='ocrx_word' id='word_1_198' title='bbox 988 4052 1135 4134; x_wconf 84' lang='lat' dir='ltr'><strong>exempla</strong></span> <span class='ocrx_word' id='word_1_199' title='bbox 1164 4054 1381 4138; x_wconf 82' lang='lat' dir='ltr'><strong>cognoverim,</strong></span> 
     </span>
     <span class='ocr_line' id='line_1_32' title="bbox 238 4154 1381 4244; baseline 0.01 -29"><span class='ocrx_word' id='word_1_200' title='bbox 238 4156 347 4218; x_wconf 87' lang='lat' dir='ltr'><strong>tamen</strong></span> <span class='ocrx_word' id='word_1_201' title='bbox 373 4154 424 4217; x_wconf 86' lang='lat' dir='ltr'><strong>cui</strong></span> <span class='ocrx_word' id='word_1_202' title='bbox 443 4155 500 4219; x_wconf 91' lang='lat' dir='ltr'><strong>uni</strong></span> <span class='ocrx_word' id='word_1_203' title='bbox 520 4159 663 4234; x_wconf 87' lang='lat' dir='ltr'><strong>tantum,</strong></span> <span class='ocrx_word' id='word_1_204' title='bbox 687 4161 842 4240; x_wconf 86' lang='lat' dir='ltr'><strong>quantum</strong></span> <span class='ocrx_word' id='word_1_205' title='bbox 862 4175 946 4242; x_wconf 72' lang='lat' dir='ltr'><strong>arar,</strong></span> <span class='ocrx_word' id='word_1_206' title='bbox 969 4160 1003 4222; x_wconf 94' lang='lat' dir='ltr'><strong>et</strong></span> <span class='ocrx_word' id='word_1_207' title='bbox 1021 4157 1156 4221; x_wconf 88' lang='lat' dir='ltr'><strong>debeam</strong></span> <span class='ocrx_word' id='word_1_208' title='bbox 1179 4160 1381 4244; x_wconf 81' lang='lat' dir='ltr'><strong>attribuam,</strong></span> 
     </span>
     <span class='ocr_line' id='line_1_33' title="bbox 237 4260 1380 4352; baseline 0.009 -30"><span class='ocrx_word' id='word_1_209' title='bbox 237 4260 383 4341; x_wconf 86' lang='lat' dir='ltr'><strong>profecto</strong></span> <span class='ocrx_word' id='word_1_210' title='bbox 412 4261 480 4325; x_wconf 92' lang='lat' dir='ltr'><strong>scio</strong></span> <span class='ocrx_word' id='word_1_211' title='bbox 508 4261 677 4325; x_wconf 89' lang='lat' dir='ltr'><strong>neminem.</strong></span> <span class='ocrx_word' id='word_1_212' title='bbox 727 4263 907 4329; x_wconf 87' lang='lat' dir='ltr'><strong>Recordare</strong></span> <span class='ocrx_word' id='word_1_213' title='bbox 939 4286 1059 4349; x_wconf 87' lang='lat' dir='ltr'><strong>quaeso</strong></span> <span class='ocrx_word' id='word_1_214' title='bbox 1087 4264 1176 4328; x_wconf 88' lang='lat' dir='ltr'><strong>illius</strong></span> <span class='ocrx_word' id='word_1_215' title='bbox 1208 4266 1287 4351; x_wconf 87' lang='lat' dir='ltr'><strong>diei,</strong></span> <span class='ocrx_word' id='word_1_216' title='bbox 1319 4289 1380 4352; x_wconf 92' lang='lat' dir='ltr'><strong>quo</strong></span> 
     </span>
     <span class='ocr_line' id='line_1_34' title="bbox 238 4366 1380 4456; baseline 0.011 -29"><span class='ocrx_word' id='word_1_217' title='bbox 238 4383 282 4427; x_wconf 78' lang='lat' dir='ltr'><strong>rs</strong></span> <span class='ocrx_word' id='word_1_218' title='bbox 306 4366 385 4431; x_wconf 88' lang='lat' dir='ltr'><strong>duce</strong></span> <span class='ocrx_word' id='word_1_219' title='bbox 409 4372 442 4432; x_wconf 89' lang='lat' dir='ltr'><strong>et</strong></span> <span class='ocrx_word' id='word_1_220' title='bbox 465 4367 640 4452; x_wconf 86' lang='lat' dir='ltr'><strong>interprete</strong></span> <span class='ocrx_word' id='word_1_221' title='bbox 658 4367 805 4434; x_wconf 90' lang='lat' dir='ltr'><strong>Museum</strong></span> <span class='ocrx_word' id='word_1_222' title='bbox 825 4369 984 4456; x_wconf 82' lang='lat' dir='ltr'><strong>Scipionis</strong></span> <span class='ocrx_word' id='word_1_223' title='bbox 1004 4372 1113 4435; x_wconf 86' lang='lat' dir='ltr'><strong>Maffei</strong></span> <span class='ocrx_word' id='word_1_224' title='bbox 1136 4373 1268 4438; x_wconf 90' lang='lat' dir='ltr'><strong>nomine</strong></span> <span class='ocrx_word' id='word_1_225' title='bbox 1292 4375 1380 4439; x_wconf 92' lang='lat' dir='ltr'><strong>nobi·</strong></span> 
     </span>
     <span class='ocr_line' id='line_1_35' title="bbox 238 4472 1382 4568; baseline 0.01 -33"><span class='ocrx_word' id='word_1_226' title='bbox 238 4472 380 4557; x_wconf 86' lang='lat' dir='ltr'><strong>litatum,</strong></span> <span class='ocrx_word' id='word_1_227' title='bbox 402 4493 470 4539; x_wconf 76' lang='lat' dir='ltr'><strong>rvr</strong></span> <span class='ocrx_word' id='word_1_228' title='bbox 498 4479 607 4539; x_wconf 88' lang='lat' dir='ltr'><strong>autem</strong></span> <span class='ocrx_word' id='word_1_229' title='bbox 627 4475 787 4541; x_wconf 89' lang='lat' dir='ltr'><strong>industria</strong></span> <span class='ocrx_word' id='word_1_230' title='bbox 806 4478 923 4542; x_wconf 86' lang='lat' dir='ltr'><strong>laetius</strong></span> <span class='ocrx_word' id='word_1_231' title='bbox 942 4478 976 4542; x_wconf 88' lang='lat' dir='ltr'><strong>in</strong></span> <span class='ocrx_word' id='word_1_232' title='bbox 995 4478 1063 4543; x_wconf 88' lang='lat' dir='ltr'><strong>dies</strong></span> <span class='ocrx_word' id='word_1_233' title='bbox 1083 4479 1300 4567; x_wconf 85' lang='lat' dir='ltr'><strong>efflorescens,</strong></span> <span class='ocrx_word' id='word_1_234' title='bbox 1322 4503 1382 4568; x_wconf 84' lang='lat' dir='ltr'><strong>ego</strong></span> 
     </span>
    </p>
   </div>
   <div class='ocr_carea' id='block_1_13' title="bbox 0 0 1465 5010">
    <p class='ocr_par' dir='ltr' id='par_1_13' title="bbox 0 0 1465 5010">
     <span class='ocr_line' id='line_1_36' title="bbox 0 0 1465 5010; baseline 0 0"><span class='ocrx_word' id='word_1_235' title='bbox 0 0 1465 5010; x_wconf 95' lang='lat' dir='ltr'><strong> </strong></span> 
     </span>
    </p>
   </div>
  </div>
 </body>
</html>
