2918 5004
445 358 833 419 usrsrmscsssauau.
1141 337 1205 400 657

61 502 185 587 ingenii
199 502 368 568 notionem
387 503 500 568 societ:
520 502 648 589 quando
667 501 854 585 divinum,
872 497 1027 586 quicquid
1045 497 1207 561 humanae

60 609 192 675 modum
223 612 360 675 naturae
395 610 475 674 adeo
507 609 645 693 excedit,
677 612 715 673 ut
745 612 913 693 tamquam
945 605 1206 691 exsplendescere

61 738 160 800 supra
196 737 298 801 genus
336 716 524 781 mortalium
560 715 724 799 videatur,
760 737 827 781 non
862 714 1028 780 immerito
1060 715 1207 777 veterum

60 823 205 907 exemplo
239 823 464 908 appellaveris.
519 823 564 889 Et
600 823 695 889 huius
732 823 863 908 quidem
895 822 1066 888 veritatem
1098 818 1208 884 iudicii

60 952 133 995 curn
162 934 194 994 et
220 931 355 1015 longum
383 930 427 996 sit
455 933 488 994 et
516 929 646 995 difficile
674 931 722 996 ita
745 931 972 1014 comprobare,
999 931 1036 992 ut
1058 929 1116 992 aut
1139 924 1208 989 uni-

60 1057 188 1102 versam
206 1037 308 1103 vitam
328 1059 475 1103 enarrem
495 1040 552 1103 aut
570 1038 717 1122 singulas
736 1036 956 1123 praestantiae
975 1037 1085 1120 partes
1099 1052 1207 1116 perse-

62 1166 151 1228 quar,
174 1145 282 1210 nescio
302 1167 344 1210 au
362 1145 465 1211 multo
485 1145 632 1210 breviore
650 1145 705 1209 via
723 1149 877 1229 vestrum,
900 1142 1075 1225 auditores,
1097 1159 1207 1204 assen-

61 1272 133 1314 sum
156 1249 283 1315 laturus
303 1250 373 1335 sim,
397 1251 424 1314 si
444 1273 463 1315 a
482 1252 646 1318 contrario
665 1252 837 1337 profectus,
856 1251 933 1338 quid
951 1248 1084 1316 tandem
1103 1245 1207 1312 laudis

61 1357 105 1420 sit
128 1357 213 1441 quod
236 1357 270 1421 in
293 1357 391 1423 lllum
414 1380 481 1423 non
509 1359 621 1424 cadere
645 1361 783 1445 putetis,
811 1380 974 1445 quaeram.
1020 1356 1088 1421 Aut
1110 1354 1208 1420 fallor

61 1465 118 1525 aut
146 1462 200 1526 vix
228 1464 279 1526 est
305 1463 390 1546 quod
417 1466 588 1547 quaerenti
618 1466 859 1550 respondeatur.
883 1456 982 1530 'Sive
1010 1464 1097 1529 enirn
1120 1462 1208 1527 vitae

62 1569 208 1653 privatae
226 1569 457 1655 integritatem,
484 1571 737 1657 simplicitatem,
756 1571 990 1655 fortitudinem,
1014 1571 1208 1636 suavitatem

16 1719 20 1723 -
61 1680 182 1760 specto,
205 1678 274 1743 sive
293 1677 572 1744 administrandae
591 1678 789 1763 reipublicae
814 1678 1004 1744 acerrimam
1028 1699 1138 1743 curam
1161 1677 1208 1740 in·

60 1784 168 1867 tueor,
201 1785 268 1848 sive
298 1786 501 1869 contemplor
532 1786 653 1850 artium
687 1786 934 1870 litterarumque
967 1783 1076 1849 studia
1107 1805 1207 1867 prope

61 1893 211 1973 exempta
239 1912 256 1954 e
284 1893 441 1957 similium
469 1891 729 1976 comparatione:
756 1891 983 1957 inexhaustam
1012 1890 1208 1975 suspiciendi

60 1996 276 2082 laudandique
299 1999 470 2063 materiam
493 1999 632 2064 invenio.
669 1998 812 2074 Quarum
830 2000 973 2084 partium
991 1998 1132 2082 primam
1151 2018 1209 2061 cur

61 2100 137 2167 huic
159 2105 368 2188 potissimum
391 2106 463 2172 loco
488 2109 521 2171 et
544 2105 609 2171 diei
627 2128 782 2192 meaeque
801 2106 904 2191 ipsius
923 2127 1080 2191 personae
1099 2105 1206 2170 minus

61 2212 173 2292 putem
206 2216 392 2297 convenire,
429 2215 464 2278 in
496 2213 671 2304 propatulo
704 2235 837 2278 caussae
870 2215 955 2278 sunt.
1010 2211 1133 2289 Quodsi
1165 2212 1207 2276 ab

61 2317 173 2381 eadem
203 2341 343 2403 persona
373 2320 512 2385 alienam
543 2320 703 2404 dixeritis,
734 2320 911 2403 auditores,
939 2320 1071 2384 virtutis
1102 2318 1206 2384 civilis
1222 2329 1258 2370 VI

60 2424 336 2492 existimationem
354 2429 388 2492 in
407 2427 548 2513 negotiis
565 2428 703 2512 publicis
722 2428 930 2513 conspicuae:
955 2449 1014 2492 nec
1033 2426 1206 2492 concedere

60 2552 118 2595 nec
144 2554 325 2619 repugnare
353 2534 441 2600 omni
464 2557 503 2599 ex
529 2538 622 2619 parte
645 2556 787 2619 possum.
834 2533 920 2599 Nam
951 2553 1052 2618 genus
1077 2534 1206 2618 quidem

60 2637 142 2703 illud
170 2642 356 2707 universum
384 2642 526 2726 etiamsi,
553 2647 591 2707 ut
618 2641 719 2706 libere
746 2642 867 2725 dicam,
895 2641 935 2705 ab
963 2639 1094 2704 homine
1117 2641 1207 2705 nullo

61 2745 241 2812 liberaliter
269 2749 421 2814 instituto
449 2748 625 2814 abhorrere
652 2749 796 2832 credam,
824 2769 937 2814 verum
963 2747 997 2810 in
1025 2746 1102 2812 boni
1126 2747 1206 2812 civis

60 2872 232 2934 personam
255 2853 367 2919 cadere
391 2874 526 2938 eamque
546 2853 656 2919 decere
675 2857 712 2919 ut
730 2854 816 2940 quod
835 2854 989 2919 maxime:
1011 2858 1121 2919 tamen
1141 2875 1206 2917 non

61 2957 254 3023 mediocrem
286 2959 433 3043 profecto
467 2959 693 3026 difficultatem
725 2961 826 3026 habet
858 2982 969 3026 eorum
1001 2960 1207 3045 potissimum

61 3065 205 3130 virorum
232 3065 401 3151 iudicatio,
429 3067 483 3152 qui
513 3088 585 3131 cum
614 3067 873 3150 splendidissima
899 3068 934 3133 in
961 3068 1033 3132 luce
1056 3066 1207 3133 collocati

60 3174 205 3238 omnium
229 3173 332 3239 oculis
357 3177 549 3257 appareant,
578 3173 697 3258 agendi
726 3175 838 3240 modos
862 3174 1134 3261 consiliorumque
1157 3196 1206 3238 ra·

59 3281 166 3345 tiones
194 3280 395 3347 densissimis
423 3281 658 3347 taciturnitatis
689 3281 830 3346 tenebris
861 3282 1005 3347 occultas
1035 3304 1101 3347 non
1132 3303 1205 3347 con·

60 3391 236 3454 suevemmt
258 3392 387 3453 tantum
411 3388 524 3473 celare,
547 3389 603 3453 sed
626 3388 773 3473 legitime
797 3391 830 3452 et
852 3410 891 3452 ex
914 3389 1021 3455 officio
1044 3410 1110 3454 non
1133 3410 1206 3473 pos·

60 3498 137 3559 sunt
164 3517 230 3560 non
252 3495 362 3561 dedita
385 3518 484 3581 opera
511 3495 625 3561 celare.
670 3495 786 3579 Itaque
810 3494 895 3580 quod
917 3517 983 3560 non
1006 3495 1207 3580 invenerunt,

60 3602 112 3666 cui
136 3603 255 3667 rectius
274 3601 523 3668 Humboldtiani
542 3601 665 3687 ingenii
683 3601 907 3666 excellentiam
930 3624 1027 3687 quam
1045 3602 1206 3667 Pericleae

60 3711 280 3793 praestantiae
303 3712 541 3794 compararent:
564 3709 597 3772 id
616 3731 689 3774 oum
707 3709 802 3775 facile
822 3710 863 3775 ab
883 3731 1087 3795 unoquoque,
1110 3731 1204 3793 quam

61 3816 106 3880 sit
129 3837 202 3881 vere
226 3815 415 3901 iudicatum,
439 3817 610 3901 sentiatur,
638 3817 852 3882 demonstrari
875 3823 986 3883 tamen
1009 3817 1072 3882 nisi
1096 3840 1116 3881 a
1138 3837 1206 3901 per·

60 3923 174 4006 paucis
201 3923 287 3988 haud
315 3923 472 4008 potuerit,
500 3925 593 4009 quia,
623 3924 741 4009 quibus
771 3924 826 3989 ille
856 3927 916 3990 viis
947 3929 982 3990 et
1008 3924 1134 3991 artibus
1165 3922 1205 3987 ad

60 4034 190 4095 tantum
214 4029 384 4116 fastigium
408 4030 599 4115 escenderit,
627 4050 747 4115 magna
775 4053 814 4095 ex
842 4035 934 4116 parte
956 4032 1054 4097 iidem
1077 4032 1205 4117 ignora-

61 4159 143 4221 mus,
166 4137 284 4222 qnibus
309 4137 472 4202 Pericleae
495 4138 582 4202 ritae
600 4158 731 4203 cursum
750 4142 917 4225 tamquam
936 4141 1038 4205 oculis
1057 4138 1205 4206 comitari

60 4244 146 4309 licet.
192 4243 317 4330 Quippe
347 4246 409 4312 hoc
439 4247 546 4330 ipsum
576 4267 641 4311 non
671 4243 741 4311 sine
772 4267 899 4310 summo
931 4245 1055 4331 dolore,
1087 4248 1143 4333 qui
1170 4246 1206 4311 in
1306 4297 1308 4301 ,

61 4358 354 4439 rerumgestarum
377 4353 518 4420 historia
541 4374 673 4439 operam
696 4358 875 4437 posuerunt
898 4377 1000 4438 suam,
1021 4355 1135 4419 testari
1155 4376 1205 4418 so·

61 4459 130 4523 lent
148 4460 233 4524 inter
250 4463 479 4548 antiquitatem
498 4466 531 4526 et
548 4466 698 4527 nostram
717 4464 856 4526 aetatem
881 4463 1022 4528 maxime
1041 4463 1206 4546 interesse,

117 4584 156 4619 ra.
176 4585 324 4620 siracusam
345 4586 481 4623 orvscvas
500 4586 526 4621 v.
958 4573 992 4620 42
