2918 5004
235 325 300 390 610
617 340 851 391 nsrsnuscus
874 342 1002 389 annau.

236 490 334 571 atque
363 486 532 570 polliceor,
561 486 590 549 ei
620 486 718 551 facite
748 491 785 550 ut
811 507 1006 570 propensam
1035 485 1070 548 in
1099 505 1153 548 me
1180 485 1389 550 voluntatem

235 598 408 658 vestram
430 591 610 658 liberaliter
631 592 833 676 retribuatis,
856 613 896 656 ea
918 592 950 655 in
976 592 1056 656 meis
1082 591 1134 656 vel
1161 591 1316 657 consiliis
1340 592 1389 656 vel

236 699 513 765 admonitionibus
533 700 649 765 fiducia
669 699 837 784 collocata,
861 720 943 784 quae
963 700 1079 765 merito
1098 699 1258 783 subsequi
1283 703 1318 764 et
1340 721 1388 764 00

236 807 347 872 mitari
367 808 550 892 simplicem
571 809 793 893 sinceramque
813 806 983 872 caritatem
1003 806 1096 872 solet.
1129 804 1168 870 In
1190 828 1257 889 qua
1276 812 1388 871 mutua

237 913 417 980 officiorum
453 914 679 981 coniunctione
711 912 791 977 illud
819 934 877 978 vos
904 934 985 999 rogo
1018 913 1130 978 sedulo
1162 913 1387 996 recordemini,

238 1026 343 1087 certes
372 1023 452 1086 fines
480 1021 658 1106 modosque
685 1019 834 1104 quamvis
863 1021 1033 1103 promptae
1058 1021 1234 1086 excusandi
1259 1021 1385 1086 lenitati

238 1128 488 1213 ignoscendique
517 1126 737 1211 indulgentiae
766 1125 956 1210 designatos
980 1148 1050 1191 esse
1074 1128 1178 1211 ipsius
1203 1127 1384 1194 honestatis

236 1237 439 1301 necessitate.
485 1234 589 1311 Onam
624 1233 780 1299 servando
814 1235 971 1299 curabitis
998 1270 1034 1280 —
1066 1234 1196 1301 confido
1231 1236 1321 1301 enim
1344 1273 1383 1282 —

237 1347 337 1407 utne
361 1363 419 1406 vos
443 1346 631 1424 vestrasque
655 1363 705 1405 res
729 1340 851 1425 tuendi,
875 1341 1086 1424 sustentandi,
1110 1342 1308 1409 defendendi
1330 1367 1382 1428 po·

237 1453 391 1513 testatem
416 1449 518 1513 invito
542 1448 678 1512 mihist
702 1446 822 1513 dolenti
846 1449 909 1532 ipsi
932 1448 1087 1532 eripiatis.
1134 1448 1220 1515 Dixi.

800 1807 828 1872 7.

236 1947 369 2013 Oratio
398 1947 441 2011 de
472 1947 708 2014 emendanda
735 1949 888 2015 ratione
916 1949 1204 2014 academiarum
1233 1955 1276 2014 et
1302 1952 1382 2015 uni·

281 2055 530 2124 versitatium
555 2055 691 2120 habita
713 2056 775 2120 die
798 2055 860 2122 XV
883 2079 925 2120 m.
949 2055 1131 2122 Octobris
1155 2079 1184 2122 a.
1212 2058 1341 2143 1847.*)

199 2227 237 2267 111
327 2195 545 2262 Convenimus
572 2196 684 2281 hodie,
717 2197 882 2263 auditores
910 2220 968 2264 sue
997 2199 1131 2284 quisque
1159 2199 1233 2265 loco
1264 2207 1381 2286 specta·

238 2304 374 2388 tissimi,
403 2305 612 2370 convenimus
636 2306 704 2369 eius
728 2305 792 2370 diei
816 2306 1063 2371 concelebrandi
1086 2328 1218 2390 caussa,
1242 2309 1298 2393 qui
1321 2331 1379 2394 quo

238 2412 366 2495 saepius
392 2410 451 2476 Dei
476 2411 600 2497 Optimi
625 2411 763 2477 Maximi
786 2412 943 2478 beneficio
967 2412 1064 2496 redit,
1091 2434 1130 2478 eo
1159 2413 1315 2479 laetiores
1337 2420 1381 2480 at·

239 2539 300 2602 que
324 2519 484 2601 gratiores
514 2520 549 2584 in
578 2520 721 2584 omnium
746 2520 863 2585 animis
886 2542 998 2586 sensus
1023 2521 1142 2585 excitat
1165 2542 1271 2607 eoque
1296 2544 1379 2587 sanc·

237 2626 338 2691 tiores
366 2627 500 2710 pietatis
528 2626 662 2691 affectus
686 2631 867 2712 perpetuat,
910 2627 1035 2713 Quippe
1058 2645 1134 2693 nvn
1156 2628 1260 2695 divini
1283 2629 1380 2695 numi·

237 2734 289 2798 nis
316 2733 522 2819 providentia
549 2756 615 2799 non
643 2739 870 2800 conservatum
899 2739 1040 2820 tantum,
1073 2735 1129 2800 sed
1158 2737 1324 2822 vigentem
1351 2742 1380 2800 et

237 2843 400 2908 communi
430 2842 529 2907 saluti
558 2843 722 2926 sapienter
745 2844 997 2928 prospicientem
1021 2848 1119 2929 etque
1142 2845 1328 2910 illustriora
1349 2845 1377 2907 in

236 2949 305 3015 dies
338 2950 482 3027 facinora
515 2950 657 3035 gloriose
695 2955 936 3035 perpetrantem
973 2952 1068 3016 nobis
1105 2953 1378 3037 congratulamur,

236 3077 332 3139 quem
360 3075 504 3122 111101(
537 3061 570 3121 01
602 3057 729 3141 patriae
757 3062 790 3123 et
817 3058 913 3123 huius
941 3060 1162 3125 universitatis
1191 3079 1378 3126 veneramur

324 3302 349 3371 ²⁸)
369 3303 467 3375 [Edita
489 3307 534 3360 est
556 3305 626 3360 haec
650 3305 740 3361 oratio
764 3306 827 3362 loco
849 3306 986 3376 prooemii
1008 3305 1108 3362 indicis
1127 3307 1290 3362 scholarum
1308 3306 1374 3360 Ron-

235 3392 364 3447 nensium
387 3395 557 3450 aestivarum
584 3411 609 3450 a.
629 3408 905 3453 cmlocccxxxxvm
924 3395 1083 3466 praemissis
1101 3395 1146 3449 his
1165 3395 1273 3451 verbis:
1303 3395 1377 3449 ‘Pro

235 3482 328 3536 oemia
351 3484 533 3538 semestribus
557 3483 717 3538 scholarum
736 3483 874 3538 indicibus
893 3484 1036 3554 praemitti
1055 3484 1140 3540 solita
1157 3501 1222 3540 cnm
1244 3487 1299 3541 hec
1318 3501 1375 3539 con·

235 3568 300 3625 silio
323 3571 495 3640 scribantur,
523 3572 555 3626 nt
577 3572 722 3627 nominum
745 3588 978 3642 numerorumque
1001 3572 1132 3628 ieiunitas
1158 3574 1257 3644 aliquo
1277 3573 1377 3628 deleni-

236 3661 330 3715 mento
354 3660 565 3716 commendetur
589 3677 604 3715 e
627 3660 769 3717 floridiore
792 3677 895 3732 genere
918 3662 1021 3732 petito,
1040 3661 1118 3728 baud
1134 3661 1274 3717 absonum
1293 3662 1377 3717 visun

235 3748 280 3800 est
297 3747 397 3802 relicta
416 3748 566 3804 morosiore
585 3749 793 3805 commentandi
812 3749 1013 3805 consuetudine
1031 3749 1061 3804 in
1079 3750 1141 3806 lece
1160 3751 1246 3821 longe
1266 3751 1376 3807 floridis·

234 3833 305 3889 simo
338 3837 454 3904 versari,
484 3837 532 3907 qni
561 3837 608 3906 pia
634 3838 828 3894 recordatione
856 3851 1070 3893 svovsmssmr
1096 3852 1187 3894 neers
1215 3842 1376 3907 continetur,

237 3938 354 3992 eamque
374 3924 518 3980 vobiscum
539 3925 696 3983 orationem
716 3927 821 3997 scripto
841 3929 1060 3998 communicare,
1079 3947 1163 4000 quam
1183 3929 1265 3985 Illius
1283 3929 1376 3986 natali·

234 4010 286 4065 ciis
317 4013 491 4069 celebrandis
517 4020 659 4084 superiore
685 4033 758 4071 anno
785 4016 822 4072 ab
840 4017 960 4074 Rectore
978 4018 1178 4074 Vniversitatis
1202 4020 1330 4075 habitam
1352 4021 1377 4072 et

234 4100 349 4155 auribus
368 4101 511 4173 benevolis
529 4106 560 4158 01
577 4104 688 4160 iudiciis
702 4106 861 4176 excepistis,
884 4107 963 4174 Quae
977 4124 1041 4163 cum
1055 4110 1085 4163 st
1098 4107 1134 4163 ad
1148 4108 1261 4164 litteras
1275 4110 1376 4180 spectet

233 4203 387 4259 earumque
410 4192 532 4248 rationes
556 4193 745 4262 academicas,
774 4198 802 4250 et
825 4213 892 4251 vero
915 4197 1012 4266 aliqua
1031 4199 1163 4267 exparte
1182 4197 1218 4251 ad
1238 4197 1373 4269 publicam

233 4277 370 4349 salutem,
397 4282 491 4336 vestm
514 4299 625 4351 quoque
648 4283 756 4353 studia,
785 4285 887 4354 quibus
910 4285 1004 4357 largas
1028 4287 1177 4355 laetasque
1200 4287 1290 4358 dapes
1308 4286 1375 4340 infra

231 4366 374 4434 appositas
398 4368 512 4439 vidctis,
536 4371 651 4439 aliquod
674 4371 753 4427 illinc
776 4377 807 4428 et
828 4375 982 4431 industriae
1001 4376 1216 4431 incitamentum
1237 4380 1267 4431 et
1287 4377 1373 4430 firma·

231 4455 358 4509 mentum
379 4458 532 4514 voluntatis
551 4477 651 4530 capere
670 4465 812 4532 poterunt.
851 4465 974 4522 Valete.’
1013 4465 1042 4520 O.
1063 4465 1120 4537 W.]
