2940 5004
545 366 589 412 uu
613 366 814 413 maxumus.
1189 347 1254 413 569

110 507 144 572 in
174 507 408 592 perscrutanda
438 508 566 573 articuli
596 509 772 593 positione,
807 509 839 574 vi
870 512 903 574 et
933 532 991 575 usu
1021 513 1090 574 tum
1122 532 1254 574 casuum

109 618 178 678 tum
203 614 385 699 modorum,
413 616 692 700 praepositionum
716 614 1011 700 particularumque
1034 620 1198 701 potestate
1222 619 1255 680 et

109 744 190 807 quae
215 727 291 787 sunt
312 723 455 808 reliquae
478 722 650 799 struendae
673 723 829 789 orationis
853 728 977 808 partes,
1001 727 1034 788 et
1057 728 1197 788 mentem
1221 728 1254 788 et

109 830 299 894 memoriam
328 833 507 896 exerceant.
552 829 675 896 Verum
702 829 884 914 parcissimi
913 829 1034 895 fuimus
1057 829 1154 896 iniis
1179 831 1253 895 affe·

109 936 226 1020 rendis,
250 959 388 1022 quornm
411 937 479 1003 fere
502 938 655 1004 subtilior
678 938 864 1003 aestimatio
888 942 939 1003 est
962 942 995 1002 et
1018 937 1252 1021 discipulorum

108 1049 239 1129 captum
268 1067 437 1129 superans,
464 1049 501 1110 ut
529 1046 556 1110 si
585 1068 667 1130 quae
695 1045 737 1110 ad
760 1044 912 1130 loquendi
936 1067 1030 1110 usum
1053 1044 1254 1129 pertinerent

110 1152 344 1237 verborumque
363 1152 611 1237 significationis
632 1153 832 1218 discrimina:
856 1152 1030 1236 dequibus
1050 1156 1179 1217 tantum
1200 1150 1252 1215 ad·
1268 1166 1327 1206 v¹11

110 1260 253 1344 iacimus,
277 1264 442 1345 quantum,
470 1262 506 1324 ut
528 1259 679 1324 stimulus
703 1259 903 1324 discentibus
927 1257 1107 1343 adderetur,
1130 1257 1252 1323 videre-

108 1370 162 1430 tur
185 1367 265 1431 satis
290 1388 370 1431 esse.
390 1403 431 1412 —
456 1364 605 1432 Ceterum
629 1366 763 1432 minime
787 1366 963 1431 cavendam
988 1365 1138 1430 duximus
1157 1347 1252 1430 nnius

107 1473 312 1558 eiusdemque
345 1473 569 1538 annotationis
585 1473 824 1557 iterationem,
857 1495 954 1558 quam
985 1473 1136 1538 consulto
1170 1463 1251 1538 adeo

106 1581 305 1664 admisimus,
328 1584 399 1645 tum
423 1580 508 1665 quod
527 1584 649 1646 certam
668 1581 701 1646 iu
721 1581 919 1646 scholastica
937 1580 1145 1645 institutione
1164 1580 1252 1645 utili-

110 1691 211 1752 tatem
235 1687 407 1752 earundenr
431 1708 538 1752 rerum
562 1688 611 1752 vel
636 1688 750 1754 crebra
772 1687 924 1773 repetitio
948 1686 1057 1770 habet,
1080 1692 1150 1751 tum
1173 1695 1283 1771 quo‘

110 1795 198 1859 niam
223 1818 296 1862 raro
320 1799 376 1860 aut
398 1818 576 1880 numquam
599 1795 640 1860 ab
664 1794 781 1860 iisdem
805 1794 971 1880 discipulis
994 1793 1158 1858 Anabasis
1181 1815 1252 1878 per·

109 1906 269 1967 tractatur
290 1903 428 1987 integra,
452 1903 508 1967 sed
532 1926 551 1968 a
574 1902 713 1988 singulis
738 1902 885 1987 singulae
909 1903 975 1968 fere
999 1905 1117 1986 partes.

195 2009 368 2074 Praeterea
386 2012 419 2073 et
437 2030 522 2074 nova
540 2009 792 2093 conscripsimus
812 2009 954 2094 capitum
974 2007 1159 2091 summaria,
1182 2030 1251 2074 ver·

108 2116 157 2181 bis
185 2120 218 2181 et
246 2117 417 2181 sententiis
445 2118 558 2201 paullo
581 2114 843 2182 Schneiderianis
867 2116 996 2200 aptiora
1020 2139 1056 2181 aa
1080 2116 1251 2200 pressiora,

105 2226 138 2287 et
170 2244 246 2287 vero
279 2221 402 2288 Graeca
434 2224 602 2308 scriptoris
636 2224 736 2288 verba
768 2224 912 2289 studiose
941 2222 1181 2289 elaboravimus
1212 2226 1250 2287 ut

106 2352 202 2415 quam
226 2336 361 2414 possent
386 2322 649 2397 emendatissima
672 2331 852 2397 ederentur.
898 2331 969 2409 Quo
991 2331 1026 2395 in
1049 2350 1164 2417 genere
1188 2331 1250 2396 etsi

105 2459 121 2500 e
145 2441 258 2502 nostro
287 2459 345 2502 uec
373 2438 457 2504 alius
481 2438 671 2524 cuiusquam
695 2438 811 2504 iudicio
835 2439 1045 2525 pependimus
1069 2460 1250 2523 usquequa·

106 2567 175 2629 que,
198 2550 308 2610 tamen
331 2546 519 2630 plerumque
538 2547 763 2613 intelleximus
783 2547 979 2631 sequendam
1003 2568 1073 2612 esse
1092 2545 1248 2611 Ludovici

105 2651 264 2717 Dindorfii
282 2653 514 2719 recensionem:
537 2654 588 2718 cui
607 2655 680 2738 plus
700 2653 796 2718 debet
813 2653 974 2718 Anabasis
993 2652 1249 2738 Xenophonteae

105 2760 289 2826 emendatio
314 2783 410 2845 quam
434 2762 599 2846 prioribus
623 2760 802 2826 editoribus
831 2761 963 2825 eunctis.
1002 2758 1094 2836 Quod
1118 2759 1245 2842 quidem

104 2888 168 2931 non
191 2869 242 2930 est
264 2865 360 2931 huius
384 2867 448 2932 loci
471 2867 600 2931 uberius
625 2867 781 2952 persequi.
1172 2936 1175 2942 ,

193 2971 355 3058 Scriptum
378 2972 659 3050 Halis‚Saxonum
684 2998 725 3040 m.
749 2974 837 3040 Maio
861 2997 888 3039 a.
913 2990 1194 3040 cromaccxxxlu.

554 3191 792 3198 ----

657 3371 687 3433 2.

503 3513 556 3577 Zu
584 3509 850 3598 lsokrates.*)

191 3631 229 3696 ln
262 3633 318 3698 der
348 3635 436 3700 Reda
471 3639 509 3703 de
539 3659 617 3722 paee
648 3640 712 3718 §8
744 3636 825 3701 wird
854 3636 929 3701 kein
959 3634 1246 3719 Interpretations·
1260 3658 1300 3698 eoo

103 3736 296 3804 kunststitck
319 3741 369 3806 die
393 3743 621 3808 tiberlieferten
638 3743 753 3808 Worte
776 3744 811 3807 in
824 3740 1167 3823 Uebsreinstimmung
1187 3739 1247 3803 mit

102 3845 371 3929 grammatiseher
389 3847 492 3934 Logik
516 3850 667 3937 bringeri:
691 3854 750 3931 χρὴ
770 3852 805 3914 δὲ
825 3853 900 3915 τοὺ(
920 3854 999 3915 νοῦν
1018 3849 1154 3926 ἔχοντα(
1173 3847 1246 3924 περὶ

102 3954 159 4030 μὲν
188 3951 234 4017 ὧν
261 3953 341 4018 trau
369 3958 409 4035 μὴ
435 3958 638 4036 βουλεύεεθαι
662 3957 847 4039 (περίεργον
870 3957 960 4038 γάρ),
989 3955 1073 4020 ἀλλὰ
1096 3953 1246 4033 πράττειν

102 4060 146 4123 ὼ(
170 4061 339 4140 ἐγνώκαει,
363 4064 436 4141 περὶ
460 4061 506 4127 ὡν
529 4063 560 4139 δῖ
581 4064 621 4128 ἂν
646 4065 876 4145 βουλεύωνται,
901 4066 940 4142 μὴ
964 4062 1104 4141 νομίζειν
1128 4062 1246 4126 εἰδέναι

101 4169 139 4231 τὸ
164 4167 409 4248 (υμβηώμενον,
433 4168 505 4234 ἀλλ’
528 4170 572 4234 ὼ(
596 4171 671 4254 δόξῃ
696 4172 754 4249 μὲν
779 4171 976 4249 χρωμένους,
1000 4168 1062 4250 dm
1085 4169 1130 4232 ἂν
1153 4167 1245 4249 τύχῃ
1351 4233 1352 4236 ,

100 4276 140 4338 δὲ
171 4276 447 4356 γενηεόμενον,
478 4277 564 4342 οὕτω
596 4282 790 4343 διανοεῑεθαι
822 4278 894 4356 περὶ
925 4276 1041 4340 αὐτῶν.
1093 4275 1246 4340 Offenbar

190 4491 217 4555 *)
236 4488 345 4557 [lthein.
365 4489 493 4544 Massam
512 4489 556 4544 ftr
574 4488 676 4546 Philet
696 4489 746 4544 Ed.
766 4488 856 4544 XXIII
875 4491 970 4559 (1868)
988 4507 1014 4560 p,
1035 4488 1128 4559 690l.]
