2910 5010
261 347 324 410 708
487 361 720 409 aararvrscun
744 348 963 426 inscanter,
987 360 1188 426 auaassuu,

808 539 857 603 10.

260 681 746 746 Gratulationsscbreiben
769 682 834 745 der
853 680 1210 765 philosophischen
1231 681 1403 746 Facultat

260 813 301 853 zu
332 789 439 852 Bonn
468 809 514 851 an
542 786 743 852 Friedrich
773 787 959 852 Thiersch
993 811 1035 853 zu
1054 783 1212 854 ¹dassen
1241 788 1402 869 funiaig·

345 894 541 979 jtihrigem
564 893 907 978 Doctorjubiltum
931 917 989 958 am
1016 896 1066 960 18.
1089 894 1186 960 Juni
1214 895 1344 978 1858.*)

333 1036 604 1120 Philosophorum
624 1035 711 1101 Ordo
730 1036 740 1119 ΙΙ
757 1036 985 1102 Vniversitatis
1001 1037 1200 1103 Fridericiae
1217 1037 1401 1102 Guilelmiae

261 1145 436 1210 Rhenanae
453 1143 464 1227 ΙΙ
482 1141 559 1207 S·P
569 1141 617 1206 ·D
635 1143 646 1226 ll
662 1142 825 1209 Friderico
846 1143 1035 1210 Thiersohio
1052 1144 1064 1227 ΙΙ
1081 1145 1153 1209 viro
1174 1144 1400 1210 inlustrissimo

261 1253 343 1316 bene
367 1250 615 1316 merentissimo.
906 1322 909 1326 .

351 1358 448 1422 Vitae
471 1357 567 1420 'l'van
591 1361 624 1420 et
647 1357 792 1443 ingenita
816 1358 936 1423 virtute
961 1361 993 1422 et
1016 1359 1126 1423 debito
1153 1358 1280 1425 honore
1304 1381 1398 1423 cumu-

261 1467 347 1530 latae
371 1465 427 1529 ubi
451 1464 746 1548 auspicatissimum
770 1465 854 1529 diem
874 1464 965 1529 illum
986 1464 1107 1529 instare
1127 1467 1324 1551 accepimus,
1345 1487 1400 1551 quo

262 1576 336 1636 ante
359 1571 440 1636 haec
462 1572 570 1635 decem
594 1572 698 1635 lustra
721 1592 759 1635 ea
783 1570 942 1655 dignitate
966 1576 1079 1635 auctus
1103 1592 1137 1635 cs
1163 1594 1229 1655 qua
1253 1592 1399 1657 negamus

263 1679 427 1743 exstitisse
451 1676 501 1740 ΤΕ
524 1676 717 1760 digniorem,
749 1699 813 1740 non
836 1677 1002 1760 potuimus
1026 1698 1091 1741 non
1115 1680 1220 1742 animi
1245 1682 1280 1744 et
1301 1680 1399 1744 lactis·

262 1785 335 1848 simi
369 1788 403 1848 et
435 1783 614 1868 gratissimi
648 1783 795 1848 sensibus
828 1784 972 1870 graviter
1006 1786 1216 1850 commoveri.
1274 1786 1398 1850 Praesto

262 1892 348 1955 enim
375 1912 446 1955 esse
476 1892 632 1956 memoria
655 1913 747 1956 rarae
771 1890 937 1956 doctrinae
961 1896 1057 1974 atque
1081 1893 1277 1977 sagacitatis
1300 1893 1398 1973 Tura,

262 2021 326 2082 qua
358 2021 429 2063 cum
464 2002 614 2062 aeternos
646 2002 850 2063 aeternorum
879 2003 1047 2082 poetarum
1078 1998 1187 2063 fontes
1220 2006 1254 2065 et
1284 2002 1398 2066 curiose

262 2105 441 2169 enarrando
474 2111 507 2169 et
540 2105 675 2170 facunde
708 2105 866 2170 imitando
899 2105 1083 2170 felicissime
1116 2107 1301 2189 reclusisti,
1338 2113 1397 2172 tum

262 2213 340 2276 artis
364 2211 461 2296 longe
485 2211 786 2296 praestantissimae
805 2211 1044 2277 vicissitudines
1064 2212 1225 2298 singulari
1245 2215 1315 2280 luae
1332 2236 1403 2278 cons

261 2317 416 2399 lustrasti,
440 2322 510 2381 tum
533 2320 765 2404 grammaticae
789 2319 979 2402 disciplinae
1002 2323 1035 2383 et
1057 2342 1145 2384 nova
1168 2326 1202 2385 et
1226 2327 1315 2387 certa
1336 2321 1397 2385 fun·

261 2424 412 2488 damenta
426 2423 544 2488 iecisti:
586 2430 716 2509 praesto
734 2447 803 2490 esse
822 2424 1018 2490 nobilissimi
1037 2424 1177 2491 fervoris
1196 2426 1288 2492 illius
1307 2450 1397 2492 recor·

262 2531 364 2614 datio,
397 2552 460 2616 quo
488 2552 554 2594 non
578 2536 723 2596 veterum
751 2535 880 2596 tantum
905 2530 1102 2596 Graecorum
1125 2533 1264 2618 ingenia
1287 2535 1337 2618 pie
1357 2534 1396 2596 lu·

261 2640 468 2723 eulenterque
491 2638 635 2723 colendo,
658 2639 714 2704 sed
737 2643 942 2722 posterorum
966 2660 1092 2722 quoque
1116 2662 1136 2702 a
1155 2641 1395 2724 generosissima

262 2747 363 2830 stirpe
387 2749 622 2830 prognatorum
644 2745 741 2809 rebus
765 2745 972 2810 sublevandis
992 2748 1087 2828 atquc
1107 2745 1330 2812 instaurandis
1348 2769 1395 2830 pu-

262 2852 410 2936 blicaque
435 2851 540 2917 salute
563 2852 684 2917 tuenda
708 2873 744 2916 ac
768 2851 963 2916 stabilienda
986 2851 1239 2918 ΦΙΛΕΛΛΗΝΟ(
1264 2860 1297 2917 et
1318 2854 1395 2918 deca

262 2981 333 3023 rum
357 2980 475 3023 nomen
499 2963 532 3023 et
554 2958 682 3023 laudem
710 2959 923 3023 iustissimam
950 2958 1115 3023 invenisti:
1176 2966 1309 3043 praesto
1336 2980 1395 3023 esse

261 3066 419 3149 cogitatio
443 3066 688 3131 contentionum
711 3065 1026 3148 honestissimarum,
1050 3065 1169 3149 quibus
1190 3088 1265 3131 cum
1284 3067 1392 3132 schola·

262 3172 363 3237 sticae
400 3172 616 3237 inst'tutionis
653 3173 822 3238 universae
859 3173 1060 3255 emendator,
1097 3176 1168 3236 tum
1207 3175 1390 3258 optimorum

261 3278 442 3344 studiorum
456 3278 539 3343 Tvls
558 3280 592 3342 in
611 3280 706 3344 terris
726 3285 759 3345 et
782 3280 930 3345 conditor
953 3283 986 3343 et
1008 3283 1115 3344 custos
1139 3283 1234 3345 tanto
1259 3301 1391 3345 successu

261 3387 431 3470 exstitisti,
460 3390 496 3449 ut
524 3408 618 3450 suum
640 3387 690 3459 Ta
715 3391 957 3471 praeceptorem
987 3408 1052 3451 non
1076 3385 1308 3471 discipulorum
1331 3392 1389 3450 tan-

261 3499 332 3557 tum
355 3494 553 3577 frequentia,
582 3494 637 3558 sed
667 3495 739 3577 ipsa
763 3495 902 3559 Bavaria
926 3494 966 3558 ad
989 3494 1229 3560 humanitatem
1254 3495 1326 3560 'lvo
1347 3495 1389 3556 be·

260 3600 375 3665 neficio
404 3601 579 3665 informata
607 3601 675 3665 iure
704 3602 883 3686 meritoque
912 3601 1069 3684 suspiciat
1097 3605 1195 3685 atque
1220 3606 1388 3667 veneretur:

305 3710 435 3789 praesto
460 3729 530 3771 esse
553 3707 761 3772 sanctissima
783 3709 890 3793 imago
910 3707 971 3772 viri
990 3708 1068 3772 boni
1092 3711 1126 3771 et
1149 3708 1256 3792 sortis,
1279 3707 1345 3771 fidei
1364 3706 1389 3768 et

260 3813 440 3898 religionis,
473 3814 617 3878 veritatis
651 3818 747 3898 atque
778 3814 940 3879 libertatis
969 3814 1004 3878 in
1033 3814 1149 3898 quovis
1182 3834 1299 3899 genere
1326 3832 1385 3877 cum

262 3944 318 3986 ore
345 3925 415 3985 tum
444 3922 591 4006 exemplo
619 3922 756 3986 vindicis
785 3921 947 4004 acerrimi,
974 3921 1230 4006 propugnatoris
1259 3923 1384 3986 constan

262 4029 392 4093 tissimi.
438 4027 527 4112 Ergo
556 4032 649 4092 tanta
676 4051 749 4093 cum
778 4028 885 4113 gloria
913 4032 1097 4092 transactae
1126 4029 1244 4093 aetatis
1274 4032 1384 4108 tamque

261 4134 435 4218 multiplici
460 4135 579 4199 virtute
602 4138 808 4218 peractorum
837 4133 1047 4230 consiliorum
1071 4135 1382 4218 praeclarissimorum

261 4299 471 4308 μμ,-

356 4384 382 4451 *)
402 4381 522 4451 [Baretta
547 4381 723 4451 abgedruclrt
748 4382 776 4437 in
803 4381 857 4436 den
879 4380 1074 4436 Jahrbuchem
1099 4380 1118 4436 f.
1142 4381 1224 4437 class.
1249 4375 1384 4446 Philolagie

262 4470 477 4539 acceptari.
515 4470 621 4540 CAV]
1047 4456 1052 4468 ·
