2986 5010
253 327 318 390 396
542 342 803 391 Paonncousuu
826 344 873 391 na
897 344 1106 392 usuroumvs

254 486 347 552 video
371 509 409 550 ex
434 486 553 571 Amph.
576 486 622 575 ΙΙ,
650 488 684 570 2,
714 489 765 552 71.
801 486 892 552 Asin.
921 487 949 570 Ι,
972 488 1006 572 2,
1030 488 1081 552 26.
1119 484 1198 551 (list.
1221 487 1270 570 ΙΙ,
1297 490 1330 571 1,
1355 491 1405 553 21.

252 593 367 658 Pseud.
391 592 448 678 IV,
474 596 501 677 1,
524 595 554 658 2.
582 594 680 659 Poen.
703 593 762 678 ΠΙ,
789 596 816 678 l,
839 595 891 660 31.
924 594 1016 659 Truc.
1039 594 1081 678 ΙΙ,
1105 595 1136 678 6,
1158 596 1211 660 27.
1235 594 1294 677 IV,
1318 597 1350 679 4,
1375 597 1403 660 7.

252 699 359 784 111,1,
385 701 402 763 7
428 700 539 782 allata,
561 722 602 764 ne
626 701 660 764 in
682 701 845 765 infinitum
869 704 995 766 crescat
1017 701 1266 786 demonstratio,
1289 703 1405 766 statim

252 807 361 871 omnia
384 807 470 872 infra
492 808 586 892 posui
609 807 811 872 emendatius
836 809 972 893 scripta,
1000 811 1154 892 exparte
1179 809 1330 893 ipsorum
1355 832 1404 875 eo-

253 913 360 977 dicum
384 915 519 980 auxilio:

342 1037 415 1102 Non
440 1042 476 1102 tu
500 1039 572 1124 scis,
596 1039 939 1105 Baccha6.bacchanti
964 1039 994 1104 sr'
1014 1042 1065 1106 uis
1088 1040 1331 1116 aduorsairier.¹

341 1135 414 1210 Mdo
445 1145 541 1209 modo
571 1145 688 1230 loquar
721 1168 803 1231 quae
834 1147 941 1212 scolam
974 1167 1049 1231 egn,
1082 1169 1180 1232 quom
1213 1146 1306 1212 intus
1339 1171 1403 1214 non

944 1254 1105 1318 licitumst
1128 1253 1217 1319 mihi.
1260 1256 1263 1272 '

343 1357 387 1422 Di
405 1382 456 1424 me
474 1357 624 1443 perdant:
644 1359 867 1444 quodcumque
887 1363 991 1443 optes,
1008 1358 1072 1425 trbi
1089 1361 1184 1425 uelim
1198 1360 1401 1447 contingere.

341 1466 424 1530 Tdm
452 1464 533 1530 mihi
557 1463 741 1531 Calidorum
768 1466 878 1531 ecoloat
905 1469 1070 1532 seruatum
1099 1488 1169 1531 esse
1193 1471 1228 1532 et
1251 1469 1402 1536 lenonem

947 1574 1134 1638 extinctum.

340 1655 405 1744 m
429 1680 537 1762 bibas,
566 1679 641 1743 eda
666 1680 704 1744 ue
728 1680 833 1744 sueno
857 1681 1015 1764 quantum
1038 1682 1140 1765 usquc
1163 1681 1243 1746 rara
1267 1682 1403 1747 esaum.

340 1787 451 1851 Iamne
480 1785 656 1870 magnust?
688 1785 755 1850 idm
781 1785 943 1871 legionem
970 1785 1101 1870 ele‘ctat,
1129 1808 1227 1871 quam
1255 1789 1400 1872 spoliare

947 1893 1036 1957 uolt?

340 1999 414 2065 Scio
433 2002 596 2065 mecastor
614 1996 691 2083 quid
709 2001 760 2064 orris
780 1999 910 2084 etquid
929 1999 1078 2084 postulas
1098 2003 1130 2065 et
1150 1999 1227 2085 quid
1246 2003 1344 2086 petis.
1363 2041 1398 2049 —

341 2106 475 2185 Quaerit
499 2111 634 2191 patrem.
658 2105 730 2173 dico
754 2108 824 2171 esse
846 2107 881 2171 in
904 2108 998 2172 urbe:
1022 2105 1098 2191 quid
1120 2109 1209 2192 uelit,

339 2216 440 2299 Rogo.
465 2214 562 2279 homo
587 2235 772 2279 crumenam
796 2211 863 2278 sibi
887 2214 925 2279 de
949 2214 1032 2280 eollo
1056 2214 1209 2280 de'trahit

252 2337 314 2403 Sed
339 2338 378 2402 de
400 2340 470 2403 uolo
493 2339 599 2403 forma
621 2338 719 2423 longe
743 2339 807 2403 alia
830 2361 881 2404 res
906 2343 965 2423 est,
988 2344 1026 2405 ut
1049 2343 1196 2424 patescet
1218 2340 1322 2407 infra:
1346 2343 1401 2408 ubi

252 2443 373 2528 aliquid
396 2445 550 2530 narrab0,
580 2445 671 2510 cuius
694 2467 761 2510 non
784 2446 891 2510 minus
920 2447 1004 2511 ratio
1033 2446 1149 2530 lateat,
1177 2447 1298 2525 cadens
1321 2450 1400 2515 illud

252 2552 286 2616 in
308 2552 407 2616 rerba
430 2553 509 2635 sola,
533 2553 698 2618 exclusum
722 2574 742 2615 a
764 2552 959 2618 nominibus.

339 2659 415 2724 Non
447 2659 592 2724 infirmat
624 2663 731 2723 autem
763 2659 885 2743 legem,
922 2658 979 2723 scd
1012 2658 1201 2743 confirmat,
1238 2662 1328 2746 quod
1361 2664 1399 2729 ab

251 2768 371 2832 eisdem
400 2766 574 2851 bisyllabis
603 2766 698 2831 ducta
726 2765 935 2850 polysyllaba
963 2766 1136 2849 probatam
1164 2766 1199 2830 in
1226 2767 1295 2832 illis
1326 2791 1398 2834 eon·

250 2875 442 2940 tractionem
471 2877 610 2939 servant.
657 2872 772 2957 Itaque
796 2876 832 2936 ut
857 2873 928 2937 bure
951 2876 984 2936 et
1005 2873 1098 2957 anub,
1127 2873 1172 2938 sic
1203 2873 1304 2938 etiam
1329 2896 1400 2939 rna-

250 2983 398 3063 lcsicus
431 2986 464 3045 et
495 2980 780 3065 beneficium*)
803 2979 1015 3063 pronuntiata
1039 2983 1129 3043 sunt:
1166 2984 1203 3044 ut
1225 2981 1327 3065 donet,
1355 2982 1399 3046 its

128 3164 132 3170 ,
186 3089 483 3157 cmdomicc'lium
516 3090 671 3172 quattuor
708 3087 842 3171 syllabis
865 3085 980 3151 Militis
1003 3085 1050 3170 ΙΙ,
1078 3087 1112 3170 5,
1140 3087 1197 3152 51:
1235 3091 1272 3151 ut
1303 3110 1399 3172 senec,

251 3197 298 3260 ita
333 3201 571 3260 senectutem
606 3195 680 3279 plus
709 3194 817 3259 semel.
862 3193 1005 3259 Rursum
1042 3194 1082 3258 ad
1118 3179 1214 3260 buius
1251 3196 1398 3262 vocabuli

252 3300 497 3367 similitudinem
521 3324 653 3386 prorsus
672 3302 794 3367 rationi
813 3301 1041 3367 convenienter
1060 3302 1307 3367 accommodata
1327 3307 1400 3368 sunt

251 3410 492 3494 uoluptatem,
519 3411 715 3474 aolrratutc
741 3407 841 3495 (Trin.
869 3407 981 3494 1166),
1008 3414 1234 3494 αεηαείαέεε,
1251 3409 1353 3492 ‚facta
1381 3433 1399 3474 a

251 3519 357 3603 crolup,
385 3519 502 3601 coleras,
530 3537 640 3601 aereus,
669 3539 751 3602 quae
780 3516 841 3580 etsi
869 3516 903 3580 in
930 3538 1028 3580 unam
1057 3516 1222 3600 syllabam
1250 3511 1399 3601 ‘correpta

251 3624 347 3689 hodie
370 3625 455 3709 quod
479 3625 580 3688 sciam
604 3645 670 3688 non
694 3626 839 3707 exstant,
866 3627 977 3687 tamen
1000 3623 1053 3687 vel
1077 3626 1254 3706 potuerunt
1277 3623 1399 3707 corripi

251 3732 301 3797 vel
330 3735 417 3797 certe
445 3754 500 3796 eas
529 3729 733 3795 condiciones
761 3729 912 3813 implent,
940 3730 1057 3813 quibus
1086 3729 1215 3794 munita
1237 3732 1399 3817 correptio

252 3843 364 3924 posset
386 3839 420 3903 in
444 3838 598 3904 derivatis
629 3838 766 3902 admitti.
813 3834 897 3900 Nam
921 3838 975 3921 qui
999 3837 1034 3901 in
1057 3840 1212 3922 quattuor
1234 3839 1401 3903 vocabulis

251 3948 317 4012 illis
345 3945 598 4031 quadrisyllabis
626 3945 808 4030 neglectam
839 3966 909 4009 esse
937 3944 1131 4028 positionem
1159 3949 1199 4028 ct,
1221 3949 1274 4026 pt,
1303 3951 1353 4029 at,
1375 3951 1402 4010 st

251 4054 436 4118 litterarum
455 4052 662 4135 contendunt,
684 4075 725 4117 ne
749 4053 829 4117 istos
853 4051 1057 4136 probabilem
1080 4051 1242 4116 rationem
1266 4051 1400 4117 reddere

251 4160 409 4243 iubemus,
428 4181 485 4224 cur
503 4160 600 4225 ionici
620 4181 804 4224 mensuram
822 4181 1001 4243 numquam
1020 4157 1101 4223 talia
1119 4151 1269 4243 aequent,
1294 4160 1402 4244 qualia

223 4333 226 4340 ,
254 4268 330 4330 sunt
346 4266 567 4348 profecturam,
585 4267 773 4350 αιῖερτοννπι,
789 4267 1009 4349 porrectarum,
1027 4265 1215 4348 facultatem,
1233 4272 1402 4351 apostatem,

343 4456 368 4526 *)
388 4459 442 4529 [Cf.
463 4458 564 4528 Opusc.
582 4457 653 4528 phil.
672 4458 698 4512 ΙΙ
716 4476 744 4529 p.
759 4458 891 4530 716⁸qu
