2918 5004
244 312 310 401 634
624 352 858 400 nsrnrnrscrm
881 351 1008 398 annau.

245 497 325 561 satis
355 495 524 580 magnifice
556 495 618 559 sibi
648 494 856 579 persuadent:
886 515 952 558 non
980 497 1065 558 esset
1093 493 1264 576 profecto,
1298 515 1355 557 cur
1383 516 1399 556 a

245 603 331 668 vitae
359 602 471 668 usibus
500 602 636 666 nimium
669 602 792 666 distare
824 601 939 666 harum
972 601 1159 665 litterarum
1191 600 1398 684 splendorem

246 731 464 794 quereremur,
495 732 633 794 quarum
663 709 806 793 ipsarum
837 730 963 773 summa
993 709 1101 790 capita
1131 707 1341 793 decerpenda
1369 713 1401 772 et·

245 819 278 881 in
307 818 535 882 scholasticam
563 818 803 881 institutionem
831 815 1056 881 transferenda
1084 820 1204 880 essent
1256 815 1302 880 At
1326 837 1398 880 vero

244 924 332 989 istud
356 925 484 1009 quidem
512 962 548 970 -
576 929 612 989 ut
635 925 754 1008 dicam,
784 925 869 1009 quod
898 924 1003 989 sentio
1031 960 1068 968 -
1095 944 1234 1006 prorsus
1264 922 1395 986 nimium

246 1035 296 1095 est
319 1034 353 1094 et
376 1030 507 1093 modum
532 1031 687 1095 excedens
718 1030 939 1095 multifariam.
985 1028 1078 1106 Quod
1101 1029 1205 1094 nolim
1232 1029 1282 1093 ita
1304 1029 1396 1093 inter·

248 1137 430 1222 pretemini,
454 1138 545 1221 quasi
570 1142 701 1221 praeter
723 1139 843 1203 m'entis
867 1141 900 1202 et
922 1137 1033 1202 iudicii
1057 1137 1182 1203 cultum
1208 1138 1395 1202 non-etiam

246 1244 279 1307 in
303 1243 446 1307 animum
470 1244 501 1308 h.
525 1267 551 1308 e.
575 1268 647 1323 cum
671 1268 801 1309 sensum
824 1250 893 1310 tum
917 1266 1023 1309 mores
1046 1243 1098 1308 vel
1119 1244 1261 1327 puerilis
1281 1243 1395 1308 aetatis

246 1349 481 1434 pulcherrimos
514 1351 637 1416 fructus
670 1375 709 1415 ex
744 1352 949 1437 antiquitatis
985 1351 1184 1415 tractatione
1219 1351 1394 1416 redundare

247 1460 366 1540 putem.
424 1457 542 1532 Quales
580 1480 653 1523 cum
685 1459 863 1524 liberaliter
896 1458 1069 1523 concedam
1107 1459 1176 1522 iure
1215 1460 1394 1542 meritoque

213 1604 214 1607 =
247 1564 368 1646 expeti,
392 1567 501 1628 tamen
524 1565 565 1628 ab
589 1588 628 1629 ea
651 1566 792 1631 utilitate
817 1567 956 1650 primum
975 1589 1107 1650 prorsus
1132 1566 1274 1652 seiungo
1299 1567 1394 1648 illum,

247 1670 281 1733 in
304 1692 399 1761 quem
423 1670 580 1756 philologi
605 1672 843 1757 incumbimus,
864 1673 1054 1759 multiplicis
1079 1673 1277 1738 eruditionis
1303 1696 1393 1758 appa·

247 1781 367 1859 ratum3
390 1776 503 1841 deinde
528 1780 662 1844 eandem
686 1768 862 1845 utilitatem
885 1802 968 1866 nego
992 1800 1063 1844 esse
1087 1780 1258 1862 eiusmodi,
1285 1784 1322 1845 ut
1342 1802 1393 1864 per

247 1907 280 1947 se
305 1884 374 1948 sola
398 1884 448 1948 vel
473 1885 552 1949 satis
577 1887 618 1950 ab
638 1888 836 1971 omniparte
857 1887 1059 1972 antiquitatis
1079 1887 1290 1970 potissimum
1310 1910 1391 1972 prae·

248 1993 430 2077 rogativam
454 1992 545 2058 illam
568 1994 732 2078 defendat,
760 1995 809 2059 vel
834 1996 924 2060 nulla
952 1995 1017 2060 alia
1044 2016 1141 2078 quom
1174 1995 1323 2060 eiusdem
1345 2017 1391 2059 an·

247 2101 413 2184 tiquitatis
446 2101 553 2165 studia
587 2102 740 2184 praebere
773 2103 918 2186 ingenit-a
950 2102 1068 2166 virtute
1101 2105 1261 2185 possunt,
1298 2121 1392 2185 eaque

247 2208 343 2292 longe
368 2208 515 2292 graviore
539 2208 682 2273 utilitate
707 2215 885 2292 superetur.
929 2209 975 2276 Ac
999 2207 1083 2293 quod
1107 2208 1218 2293 primo
1241 2208 1318 2274 loco
1336 2208 1391 2292 sig·

247 2313 429 2396 nificabam,
453 2314 645 2399 quicumque
665 2316 805 2399 sapiant,
827 2316 913 2381 haud
933 2319 1064 2401 gravate
1083 2315 1282 2398 largiantur.
1319 2314 1392 2390 Quo

249 2424 301 2483 tus
330 2420 416 2483 enim
445 2421 580 2505 quisque
609 2426 660 2486 est
687 2445 798 2487 eorum
827 2422 1072 2506 discipulorum,
1100 2420 1139 2484 de
1169 2422 1292 2505 quibus
1315 2443 1391 2486 nunc

247 2526 442 2610 cogitamus,
470 2529 526 2611 qui
554 2529 634 2594 adeo
664 2531 869 2614 maturuerit,
901 2533 937 2593 ut
964 2529 1032 2592 eius
1056 2531 1172 2611 captus
1198 2529 1252 2592 vel
1277 2529 1392 2612 aspiret

247 2634 286 2700 ad
319 2635 411 2699 illum
444 2634 651 2719 antiquitatis
686 2636 753 2700 sive
784 2657 914 2700 sensum
951 2636 1018 2700 sive
1052 2634 1273 2719 intellectum,
1305 2657 1390 2719 quem

246 2747 389 2827 nosmet,
416 2743 472 2828 qui
506 2744 537 2806 in
559 2743 767 2828 philologieis
791 2744 909 2807 litteris
932 2742 1080 2807 habitare
1110 2742 1301 2825 didicimus,
1328 2763 1391 2806 con·

249 2852 435 2915 sectamur?
480 2852 604 2915 Rursus
629 2854 747 2933 autem,
770 2851 884 2914 istisne
907 2849 1037 2914 tandem
1060 2848 1273 2934 ambagibus,
1296 2851 1392 2913 istane

247 2957 413 3022 doctrinae
442 2958 590 3023 ubertate
614 2958 718 3022 dicam
754 2980 795 3022 an
825 2957 975 3021 molestia
1001 2955 1068 3020 ullo
1097 2959 1196 3039 pacto
1223 2978 1306 3040 opus
1330 2977 1391 3021 esse

247 3064 288 3128 ad
316 3067 384 3128 tam
414 3064 594 3147 simplicem
623 3065 718 3127 finem
749 3063 1007 3148 consequendum
1040 3062 1180 3145 ridetur,
1215 3085 1317 3146 quam
1346 3061 1390 3125 hic

249 3175 307 3252 cst,
331 3174 366 3234 ut
384 3193 497 3235 sensus
520 3171 735 3236 humanitatis
760 3170 890 3255 quidam
915 3193 952 3234 ex
977 3168 1185 3252 antiquitatis
1211 3170 1392 3256 cognitione
1412 3231 1413 3237 ,

247 3278 465 3361 percipiatur?
498 3278 551 3363 qui
581 3278 709 3362 quidem
739 3302 810 3343 urea
839 3276 1001 3343 sententia
1029 3275 1297 3341 commodissime
1320 3277 1390 3341 hau·
1454 3264 1455 3279 ¹

249 3386 306 3449 riri
331 3409 368 3449 ex
393 3388 589 3469 optimorum
619 3387 744 3470 aliquot
767 3388 960 3470 scriptorum
986 3384 1123 3448 lectione
1149 3387 1271 3466 potest.
1317 3385 1391 3449 ltem

248 3493 332 3576 quod
362 3494 502 3558 secundo
532 3495 604 3559 loco
633 3495 740 3577 posui,
773 3517 837 3558 non
866 3498 916 3557 cst
944 3492 1075 3556 difficile
1101 3491 1143 3555 ad
1174 3492 1389 3558 demonstran·

247 3600 332 3663 dum.
378 3599 525 3683 Namque
559 3603 585 3666 si
619 3601 699 3665 nihil
734 3604 934 3684 spectaretur
968 3598 1070 3675 aliud,
1102 3597 1167 3661 nisi
1201 3605 1242 3663 ut
1274 3598 1390 3683 pulchri

248 3707 388 3791 bonique
418 3730 530 3772 sensus
559 3708 592 3771 in
620 3708 815 3772 iuvenilibus
844 3707 961 3771 animis
990 3705 1187 3770 excitaretur
1211 3712 1390 3791 augeretur·

248 3837 318 3897 que,
341 3813 422 3877 nihil
442 3820 527 3880 essct
550 3816 705 3900 profecto,
730 3814 813 3899 quod
838 3816 871 3879 in
894 3815 965 3880 sola
984 3813 1180 3896 antiquitate
1206 3813 1306 3879 hodie
1329 3814 1391 3878 suh

248 3922 362 3986 sistere
386 3944 445 3985 nos
470 3921 610 4004 iuberet,
639 3927 731 3987 tauta
758 3946 842 3987 nunc
871 3921 999 4005 quidem
1023 3920 1167 3985 varietas
1194 3926 1328 4005 praesto
1350 3924 1391 3985 est

175 4111 178 4118 Ι
248 4030 438 4112 aptissimae
462 4028 503 4091 ad
527 4029 601 4093 illas
622 4030 758 4094 virtutes
778 4027 968 4093 excolendas
989 4028 1216 4111 supellectilis.
1256 4028 1310 4094 An
1329 4029 1390 4113 quis

247 4139 311 4218 cst,
335 4136 388 4219 qui
411 4135 494 4199 hanc
519 4136 645 4221 quidem
675 4138 715 4200 ad
740 4136 958 4220 promovenda
979 4134 1150 4200 hominum
1175 4136 1314 4221 ingenia
1337 4137 1390 4199 rim

247 4240 374 4306 diffidat
397 4243 446 4305 vel
474 4241 508 4305 in
536 4244 675 4325 patnam
704 4243 875 4308 historiam
900 4243 1011 4306 cadere
1035 4244 1323 4329 recentiorumque
1345 4267 1390 4327 po-

248 4348 395 4430 pulorum
420 4371 493 4413 cum
517 4372 567 4413 res
592 4355 701 4434 gestas
725 4356 793 4414 tum
819 4350 936 4415 artium
961 4349 1215 4433 litterarumque
1235 4353 1391 4436 praeclara

248 4431 478 4518 minumenta?
508 4455 558 4518 vel
583 4457 616 4519 in
641 4457 742 4539 ipsius
766 4461 911 4541 naturae,
935 4460 1084 4520 aeternae
1107 4455 1250 4523 humani
1277 4457 1390 4547 generis
