2992 5004
435 369 697 418 uuaunerrorus
721 369 933 420 curvarum.
1192 352 1258 418 345

109 511 292 576 matorum
316 511 509 596 Olympicum
536 535 564 579 v.
587 513 653 577 425
682 513 734 594 [cl.
759 535 831 577 ann.
860 513 895 576 in
922 513 971 579 ed.
1000 513 1085 597 alt.],
1117 515 1164 579 ita
1187 515 1257 579 sine

110 618 204 683 libris
228 619 367 685 alterum
393 620 529 685 accessit
560 643 589 685 v.
616 620 700 684 1052
730 623 840 685 durem
870 640 987 685 roam:
1021 621 1106 705 quod
1133 625 1171 685 ut
1198 643 1257 705 pro

109 727 245 790 ducrum
268 727 521 792 substitueretur
544 726 718 810 flagitabat
739 727 883 811 reposito
906 728 1025 809 coeptas
1043 732 1171 793 mutata
1188 751 1256 792 vcr-

110 854 165 897 sus
180 833 264 898 ratio
280 833 332 914 [cf.
347 841 452 919 'supra
466 855 496 917 p.
506 832 595 916 333]‚
614 832 794 897 suadebant
812 836 920 897 autem
939 834 1035 897 durem
1054 833 1179 899 formae
1197 857 1256 918 pro

110 941 243 1004 decorum
271 940 399 1024 positae
423 939 570 1023 exempla
593 960 666 1004 curn
690 961 707 1004 e
730 939 857 1004 Naevio
882 943 916 1004 et
938 939 1102 1004 Frontone
1130 938 1256 1005 aOba·

111 1047 190 1112 risio
214 1070 244 1131 p.
267 1049 325 1112 101
344 1070 390 1132 sq.
414 1047 555 1112 excitata
578 1049 649 1110 tum
673 1047 758 1130 apud
781 1047 889 1130 ipsum
913 1045 1066 1111 Plautum
1090 1046 1174 1111 Men.
1199 1045 1258 1131 Ill,

111 1154 141 1236 3,
168 1156 207 1219 18
231 1158 362 1219 exstans
385 1156 482 1218 dacum
504 1150 712 1240 nummum.*)
737 1191 778 1199 -
802 1153 938 1219 Possum
961 1153 1013 1217 his
1037 1153 1103 1218 alia
1127 1154 1257 1218 addere:

112 1262 243 1344 quintae
267 1262 495 1327 declinationis
515 1263 703 1345 genetivum
725 1283 741 1326 e
763 1284 822 1346 pro
845 1263 890 1340 ci,
915 1260 1073 1325 secundae
1096 1263 1109 1325 i
1131 1283 1190 1345 pro
1214 1263 1257 1336 ii,

112 1369 333 1434 accusativum
353 1370 469 1434 tertiae
493 1371 525 1435 is
543 1391 602 1453 pro
620 1391 677 1441 css
691 1369 756 1433 nisi
776 1369 854 1434 hacc
873 1369 1066 1453 pervulgata
1086 1368 1160 1433 sint.
1190 1368 1255 1433 Ita·

112 1495 174 1558 que
196 1475 301 1540 tribus
325 1475 432 1540 verbis
455 1476 569 1560 dicam,
592 1499 690 1561 quam
713 1477 746 1540 in
766 1475 818 1540 his
841 1475 928 1540 viam
951 1476 1119 1540 tenuerim.
1156 1474 1201 1540 Et
1222 1474 1258 1540 in

111 1584 141 1646 ii
173 1582 302 1666 quidem
334 1582 524 1649 terminatos
554 1584 721 1668 genetivus
751 1588 789 1648 ut
817 1585 936 1666 inpertit
953 1568 1048 1648 ‘nihil
1082 1583 1256 1668 quicquam

110 1689 263 1774 praesidii
286 1688 407 1754 habere
430 1694 558 1754 tantum
583 1690 727 1755 tironum
755 1712 870 1755 caussa
897 1713 1011 1756 moneo
1017 1741 1042 1777 ,Ι
1060 1712 1256 1776 quamquam
1270 1716 1309 1755 xc

110 1795 204 1861 video
231 1796 330 1860 etiam
358 1798 578 1882 provectiores
607 1801 714 1862 aetate
742 1799 864 1863 tirones
897 1819 977 1863 esse.
1009 1835 1046 1844 -
1080 1798 1174 1873 Fide,
1208 1799 1258 1862 die

111 1902 211 1966 etiam
235 1908 347 1968 contra
370 1903 473 1968 libros
497 1905 627 1988 scripsi,
657 1904 849 1990 ubicumque
878 1903 1041 1988 bisyllaba
1065 1902 1171 1967 forma
1195 1927 1258 1968 me·

111 2014 199 2074 trum
222 2033 303 2094 opus
326 2010 440 2076 habet:
469 2011 644 2076 absurdum
668 2016 720 2075 est
743 2012 842 2095 enim,
865 2032 1002 2096 quorum
1026 2010 1257 2075 vocabulorum
1335 2080 1338 2084 A

111 2118 296 2182 commodas
328 2123 434 2182 metro
465 2117 588 2182 formas
625 2120 698 2203 ipsa
734 2119 848 2203 lingua
885 2117 1044 2199 finxisset,
1080 2098 1255 2183 eorundem

111 2228 215 2288 metro
240 2225 460 2290 incommodas
484 2226 646 2309 praelatas
671 2249 690 2290 a
714 2226 819 2310 poetis
843 2225 971 2289 credere
995 2229 1029 2289 et
1047 2246 1106 2309 per
1123 2225 1255 2290 inutiles

111 2331 246 2395 alicuius
278 2331 430 2396 licentiae
464 2331 618 2416 ambages
650 2355 689 2398 eo
721 2336 912 2416 perventum
946 2353 1016 2396 esse
1049 2354 1112 2417 quo
1146 2337 1258 2416 posset

111 2443 201 2503 recta
223 2439 277 2502 via
300 2439 477 2522 perveniri:
501 2439 674 2504 absurdum
695 2440 834 2524 synizesi
853 2438 888 2503 in
907 2439 1001 2503 binas
1021 2439 1164 2523 syllabas
1183 2462 1256 2504 con·

111 2549 217 2610 tracta
250 2547 335 2627 fidei,
367 2547 497 2611 sciebam
530 2544 581 2630 (ut
602 2569 631 2611 v.
656 2544 735 2633 657)
765 2547 861 2631 tueri,
894 2568 966 2610 cum
997 2546 1089 2630 fide,
1120 2548 1258 2612 scibam

111 2653 289 2716 formarum
313 2653 362 2718 vis
391 2659 423 2717 et
446 2654 531 2719 ratio
555 2676 622 2718 non
646 2654 690 2718 sit
713 2655 779 2719 alia
801 2654 865 2718 nisi
888 2656 925 2717 ut
948 2653 1035 2717 vitae
1059 2677 1120 2718 usu
1142 2656 1258 2739 proba·

111 2764 178 2823 tam
202 2758 397 2842 bisyllabam
421 2761 723 2844 pronuntiationem
747 2761 904 2825 imitando
927 2761 999 2844 ipsa
1023 2762 1185 2844 scriptura
1208 2783 1257 2826 as·

112 2869 307 2949 sequeretur.
338 2864 427 2941 Quae
451 2866 580 2950 quidem
604 2867 811 2931 ratiocinatio
834 2868 868 2932 in
892 2867 976 2949 alias
998 2889 1124 2953 quoque
1148 2873 1257 2952 partes

112 2974 192 3038 artis
211 2973 380 3038 Plautinae
400 2978 491 3056 patet
509 2975 678 3056 latissime,
700 2975 790 3038 velut
808 2975 842 3038 in
860 2975 920 3053 nil,
939 2977 997 3051 mi,
1015 2995 1077 3052 acc,
1094 2979 1152 3052 sat,
1171 2976 1258 3039 ditiis

111 3103 169 3164 pro
198 3080 291 3158 nibil,
319 3080 410 3157 milri,
438 3102 544 3162 tropice,
571 3084 662 3159 satis,
690 3082 812 3146 clientiis
834 3079 877 3166 (v.
900 3083 974 3146 682.
999 3080 1099 3166 829).r
1133 3081 1177 3145 Et
1198 3082 1259 3163 fide

112 3210 169 3271 pro
197 3189 270 3270 (idei
296 3187 330 3250 B
359 3188 501 3252 servavit
529 3210 557 3252 v.
585 3189 656 3252 lll.
702 3186 810 3252 Vnum
838 3189 893 3252 rei
920 3210 984 3253 non
1008 3210 1079 3251 sum
1104 3209 1202 3252 ausus
1225 3208 1259 3251 re

111 3296 251 3359 scribere
275 3317 300 3359 e.
316 3315 345 3379 g.
360 3317 387 3360 v.
407 3291 541 3380 119**),
564 3299 601 3359 ut
624 3296 714 3359 ouius
739 3295 919 3379 scripturae
943 3295 1169 3359 testimonium
1192 3316 1257 3358 non

111 3403 323 3486 reppererim:
353 3408 386 3465 ct
412 3406 552 3485 possunt
579 3402 613 3464 in
641 3392 705 3466 uno
729 3402 973 3486 monosyllabae
997 3402 1085 3466 vocis
1110 3401 1257 3484 exemplo

112 3510 199 3573 aliud
229 3510 292 3594 ipsi
319 3513 443 3574 veteres
472 3509 638 3592 probasse.
664 3544 702 3553 -
732 3506 801 3572 Nec
830 3530 846 3571 e
875 3508 1032 3572 librorum
1060 3508 1168 3592 potius
1192 3529 1255 3570 me·

112 3616 227 3699 moria,
259 3639 341 3700 quae
370 3619 503 3701 propter
530 3638 679 3680 caussam
703 3617 809 3700 capite
833 3615 848 3679 I
873 3615 1092 3700 significatam
1117 3614 1179 3679 dici
1202 3636 1258 3679 ue·

113 3722 184 3806 quit
207 3746 304 3808 quam
329 3723 390 3787 sibi
414 3744 481 3786 non
504 3723 688 3789 constet.in
711 3722 772 3786 hoc
796 3744 928 3807 genere,
956 3746 1054 3808 quam
1083 3746 1099 3786 e
1122 3722 1257 3786 rationis

112 3829 342 3911 probabilitate
371 3829 509 3913 pendere
532 3829 621 3893 volui
650 3830 684 3893 in
709 3831 965 3894 accusativorum
990 3830 1151 3914 scriptura
1173 3830 1258 3894 ocella

110 3934 206 4000 bostis
234 3937 314 4001 circis
342 3939 431 4001 aroris
461 3937 575 4000 mamm
602 3937 681 3999 ortis
708 3938 809 4001 omnis
830 3937 936 4020 pluris
963 3937 1096 4000 uocalis:
1134 3937 1189 4000 sed
1221 3941 1259 4000 ut

111 4065 177 4107 non
202 4043 307 4127 magis
332 4065 430 4127 quam
453 4042 654 4106 accusativos
672 4044 760 4108 aedes
777 4064 889 4120 coenes,
912 4042 1083 4127 probarem
1109 4043 1142 4106 in
1166 4043 1257 4106 libris

217 4218 243 4287 ³)
263 4218 316 4289 [Ex
335 4217 510 4272 Addendis
529 4236 556 4287 p.
576 4231 705 4272 cccxxv:
727 4218 870 4288 ‘poteram
890 4217 1060 4273 eCiceronis
1081 4218 1156 4273 Orat.
1175 4224 1257 4285 §156

111 4306 190 4362 Accii
208 4307 367 4376 exemplum
385 4307 487 4361 addere
506 4308 605 4361 mulier
622 4324 682 4361 uno
699 4308 785 4361 duum
803 4306 930 4379 πέπωκ’]

202 4396 246 4463 **)
275 4395 463 4466 [Quamquam
486 4394 515 4449 in
539 4395 582 4450 ed.
610 4395 659 4450 alt.
687 4396 755 4449 satis
783 4394 958 4464 probabilem
986 4395 1159 4452 Ritschalius
1186 4396 1258 4457 dixit

112 4482 275 4540 Schneidcri
294 4483 463 4538 sententiam
482 4484 605 4539 Gramm.
624 4484 673 4564 lat.
692 4485 713 4553 1,
734 4491 747 4538 1
767 4502 794 4553 p.
816 4489 866 4539 138
884 4502 914 4540 re
932 4485 1095 4559 suadentia]
