3006 5016
171 308 175 315 ¹
265 332 308 396 66
490 381 492 384 ,
584 348 664 395 vars
688 315 837 395 1111111
861 349 924 397 sus
949 349 1090 398 nocssr

265 504 350 558 opere
378 487 484 555 alioqui
510 505 566 543 nou
594 489 745 544 iniucundo
773 489 906 558 detritus,
930 492 962 544 ut
985 507 1051 559 qum
1074 490 1200 561 singulas
1229 508 1272 546 res
1291 491 1405 561 diligen·

265 578 320 632 tius
340 578 514 646 contemplor
532 595 700 647 manumque
720 579 799 647 operi
816 596 1014 647 nonnunquam
1038 580 1167 649 adhibeo,
1186 579 1294 636 factum
1309 584 1359 649 est,
1376 585 1407 635 ut

264 670 383 723 venator
406 667 459 722 sim
482 667 538 721 iam
561 668 763 737 propemodum
786 668 874 723 bonus
898 672 926 723 et
949 686 1035 738 eques
1059 688 1115 725 non
1134 671 1247 726 omnino
1266 670 1407 739 pessimus.

264 756 349 810 Rides
368 758 400 810 tu
418 756 545 826 sortasse,
565 756 631 811 dum
650 773 683 812 ea
701 757 787 826 legis,
807 760 837 812 at
855 758 971 828 rideres,
991 760 1035 813 sat
1054 760 1120 828 scio,
1139 760 1229 815 multo
1249 761 1335 814 etiam
1354 777 1407 814 ma·

266 846 323 916 gis,
353 845 377 900 si
399 863 444 900 me
463 862 534 916 equo
553 846 673 917 impigre
692 849 796 900 terram
815 848 933 916 pedibus
952 849 1124 904 concutieuti
1150 850 1320 904 insidentem
1354 866 1407 904 cer-

264 952 385 1006 vumque
404 935 488 1005 pleno
507 951 589 989 cursu
607 952 657 1006 per
675 935 752 992 invia
771 952 897 1005 quaeque
915 937 1110 1007 insequentem
1128 939 1247 994 videres.

336 1044 397 1109 Quo
416 1042 502 1097 animi
521 1044 604 1098 aestu
620 1044 844 1099 reverendissimi
859 1045 1072 1116 Bambergensis
1091 1046 1226 1102 ecclesiae
1246 1047 1314 1102 olim
1333 1064 1408 1116 prae·

265 1132 333 1187 11111
352 1135 470 1187 mortem
490 1132 668 1201 pertulerim,
687 1135 747 1188 tute
766 1150 812 1188 me
830 1134 915 1189 etiam
934 1136 1047 1189 tacente
1065 1135 1148 1191 facile
1167 1137 1303 1205 consequi
1321 1140 1408 1206 potes.

264 1222 350 1276 Eram
369 1224 436 1275 tunc
446 1220 581 1288 Viennae,
599 1221 670 1276 nulli
689 1222 781 1276 minus
800 1241 885 1292 quam
904 1223 968 1278 huic
987 1224 1028 1278 rei
1046 1224 1179 1293 intentus,
1199 1231 1277 1279 ecce!
1297 1224 1409 1280 nuncius

265 1311 354 1376 adest,
372 1310 448 1364 illius
467 1312 587 1366 mortem
605 1312 634 1365 et
653 1328 714 1366 eam
730 1312 843 1380 quidem
857 1330 891 1368 es
905 1313 1039 1369 incisione
1054 1314 1134 1369 nobis
1148 1313 1326 1383 significavit.
1353 1313 1410 1380 Quo

267 1401 323 1454 alii.
332 1399 428 1455 animo
442 1399 554 1466 fuerint,
573 1399 645 1454 nihil
660 1419 774 1456 moveor
788 1419 850 1472 ego,
865 1403 902 1457 sit
915 1420 966 1472 per
979 1420 1024 1457 me
1039 1421 1119 1458 suum
1135 1404 1236 1473 cuique
1250 1404 1409 1474 pulchrum3

269 1506 313 1544 me
333 1491 408 1544 certe
427 1492 507 1545 tanto
527 1489 623 1545 dolore
643 1491 745 1558 affecit,
764 1493 796 1546 ut
814 1491 1035 1548 consolationem
1054 1492 1111 1548 iere
1126 1493 1234 1547 nullam
1249 1509 1341 1548 essem
1360 1493 1410 1548 ali-

266 1596 350 1647 quam
370 1580 418 1633 diu
436 1579 617 1634 admissurus.
655 1580 692 1633 Et
710 1580 777 1648 quid
796 1581 826 1635 ni
844 1581 983 1650 dolerem,
1003 1582 1143 1637 Bilibalde
1162 1583 1219 1637 mi?
1246 1586 1411 1638 oneraverat

265 1667 314 1722 ille
333 1684 378 1722 me
398 1669 540 1736 quondam
559 1669 716 1725 immodicis
735 1670 891 1740 promissis,
915 1675 947 1726 ut
966 1670 1078 1740 Carolo,
1102 1670 1179 1726 illius
1198 1690 1233 1727 ex
1252 1690 1347 1729 sorore
1366 1690 1412 1727 ne·

265 1758 339 1826 poti,
359 1774 524 1828 quocunque
542 1760 764 1829 proficisceretur
783 1759 938 1814 studiorum
957 1759 1058 1831 gratia,
1078 1761 1123 1815 vel
1142 1762 1276 1816 comitem
1294 1761 1341 1816 vel
1360 1761 1409 1815 du·

212 1870 251 1907 ass
266 1864 326 1902 cem
349 1847 442 1917 potins
465 1864 510 1902 me
529 1847 621 1917 ipsum
640 1848 809 1903 exhiberem.
845 1849 883 1902 Et
901 1847 1017 1904 Carolus
1036 1849 1169 1919 11111111,
1188 1852 1221 1904 ut
1239 1851 1269 1904 id
1287 1867 1410 1921 agerem,

264 1937 436 1993 incessanter
459 1938 636 1993 admovebat.
678 1937 843 1992 Revooabar
866 1955 899 1993 ex
929 1939 1056 2008 hipsensi
1086 1938 1251 2008 Academia,
1278 1941 1414 2009 parebam

264 2043 321 2081 non
349 2027 408 2081 sine
436 2027 559 2081 maximo
587 2043 650 2082 meo
674 2026 865 2094 incommodo,
892 2027 1006 2082 interim
1033 2044 1099 2083 vero
1127 2046 1182 2084 non
1212 2029 1296 2084 aliter
1329 2047 1415 2098 quam

266 2118 375 2170 Aeneas
394 2115 466 2170 alter
485 2115 657 2186 Virgilianos
675 2118 751 2170 terra
769 2115 891 2171 iactatus
916 2120 945 2172 et
963 2117 1031 2172 alto.
1069 2118 1142 2184 Quid
1161 2118 1240 2172 alind
1259 2121 1416 2188 supererat,

268 2221 353 2273 quarn
376 2207 409 2258 111
431 2208 573 2260 tantorum
598 2205 727 2259 laborum
750 2204 873 2260 fructum
891 2207 921 2260 et
939 2223 1003 2261 eum
1022 2206 1136 2276 quidem
1155 2207 1224 2261 mihi
1244 2207 1417 2278 promissum

267 2293 437 2349 demeterem
455 2293 625 2362 aliquando?
657 2297 717 2349 tam
736 2295 847 2364 amplae
867 2311 930 2365 spes
948 2295 1018 2350 mihi
1037 2297 1162 2365 perbelle
1181 2297 1350 2366 placebant,
1374 2315 1418 2352 sa·

266 2384 378 2452 trapam
396 2400 440 2437 me
460 2399 521 2437 esse
539 2384 675 2453 putabam
694 2383 817 2452 aliquem
836 2385 866 2438 et
883 2383 961 2439 aurei
980 2387 1089 2440 montes
1105 2385 1199 2440 animo
1214 2387 1346 2456 concepti
1360 2387 1419 2441 iam

267 2487 311 2524 me
330 2470 534 2540 propemodum
551 2472 673 2527 ferocem
692 2471 880 2527 reddiderant.
909 2472 964 2528 Sed
983 2475 1011 2542 (o
1025 2473 1140 2529 fallaces
1159 2474 1306 2529 hominum
1327 2493 1391 2546 spes
1399 2478 1417 2545 !)

268 2578 330 2615 eam
354 2560 469 2615 cristam
491 2561 561 2615 mihi
580 2561 720 2631 depressit
737 2561 819 2616 unius
838 2562 939 2631 capitis
959 2562 1419 2619 1111111111111111111111111111

267 2667 324 2704 non
349 2650 497 2705 mediocris
524 2650 638 2705 invidia.
677 2651 750 2717 Quid
776 2651 810 2706 de
831 2650 931 2706 Carolo
957 2652 1027 2706 mihi
1051 2653 1220 2722 sperandum
1245 2652 1294 2720 sit,
1324 2669 1360 2707 ne
1388 2656 1418 2707 te

267 2740 364 2794 multis
383 2757 482 2806 morer,
503 2740 578 2809 audi,
597 2758 647 2810 per
666 2740 759 2795 Musas
779 2743 808 2795 et
826 2740 939 2796 Gratias
956 2744 986 2796 te
1005 2757 1062 2796 oro.
1090 2741 1177 2797 Erant
1196 2742 1358 2797 sacerdotia
1374 2742 1420 2796 illi

267 2828 423 2883 minuscula
441 2829 506 2898 duo,
526 2830 571 2898 egi
591 2847 653 2884 cum
673 2847 706 2884 co
725 2846 775 2900 per
793 2829 917 2898 litteras,
936 2833 1073 2898 quantum
1092 2831 1121 2885 id
1140 2830 1200 2885 fieri
1218 2831 1326 2902 potuit,
1352 2831 1418 2885 dili-

268 2917 388 2988 gentius,
408 2918 535 2973 fecerunt
553 2918 615 2986 hoc,
633 2935 678 2972 me
693 2917 779 2972 etiam
794 2918 946 2987 nesciente,
965 2918 1080 2973 amiculi
1094 2918 1261 2988 complures,
1280 2922 1314 2974 ut
1327 2922 1420 2974 aetati

268 3024 347 3063 meae
371 3007 510 3078 paulatim
533 3005 590 3060 iam
613 3007 817 3078 ingravescenti
841 3008 1013 3077 consuleret,
1041 3011 1106 3078 post
1124 3011 1168 3064 tot
1187 3009 1349 3064 exantlatos
1375 3010 1420 3062 la-

268 3098 364 3167 bores,
388 3100 452 3166 post
470 3100 530 3151 tam
549 3095 715 3166 diligentem
734 3096 788 3151 sibi
805 3096 944 3166 plerisque
964 3096 1044 3152 annis
1063 3099 1195 3153 navatam
1214 3115 1346 3168 operam,
1365 3117 1419 3169 par

270 3202 344 3255 esse,
373 3190 405 3241 ut
427 3187 483 3241 iam
507 3185 604 3241 missio
628 3186 699 3240 mihi
718 3186 900 3256 concedatur,
928 3204 984 3256 quo
1004 3187 1102 3242 liceret
1120 3203 1171 3258 per
1189 3188 1276 3242 otium
1297 3189 1420 3258 posthac

269 3275 367 3330 studiis
385 3276 448 3330 frui.
486 3275 643 3344 Respondit
661 3275 752 3331 illico:
781 3293 810 3331 se
828 3277 933 3332 habere
947 3277 1017 3345 iam,
1036 3278 1137 3346 quibus
1156 3277 1194 3332 sit
1213 3293 1246 3331 eo
1265 3277 1419 3332 beneficio·

268 3383 330 3418 rum
350 3381 451 3435 genere
470 3365 686 3435 gratificaturus.
707 3364 856 3435 Ogratum
871 3365 1003 3435 discipuli
1021 3370 1131 3435 pectus!
1151 3382 1168 3420 o
1186 3365 1311 3434 dubiam,
1330 3366 1419 3422 immo

268 3455 376 3509 nullam
398 3455 493 3525 potius
516 3453 590 3508 inter
612 3455 745 3509 mortales
768 3455 865 3510 fidem!
898 3456 940 3509 ita
962 3455 1065 3509 adsunt
1090 3455 1174 3509 isthic
1199 3455 1341 3523 vultures,
1370 3456 1421 3524 qui

268 3545 366 3599 multis
395 3544 479 3599 etiam
507 3545 572 3598 ante
600 3543 742 3599 mensibus
769 3545 891 3600 cadaver
917 3544 1032 3613 aliquod
1059 3544 1184 3598 futurum
1212 3544 1420 3613 praesentiant.

216 3656 255 3694 111
269 3635 385 3690 Vtinam
405 3634 460 3688 boo
473 3633 567 3687 alieno
586 3649 619 3687 ac
638 3649 693 3688 non
707 3633 764 3688 mei
777 3633 865 3704 ipsius
880 3634 1008 3703 exemplo
1023 3632 1188 3703 diligentius
1202 3632 1420 3703 praevidissem!

343 3758 422 3824 Quod
450 3778 515 3829 qum
544 3758 650 3813 factum
669 3759 794 3827 nonsit,
818 3759 880 3828 quis
899 3774 944 3811 me
962 3758 1107 3828 prohibet,
1131 3757 1199 3826 quin
1216 3773 1317 3813 vocem
1335 3756 1419 3813 illam

268 3864 347 3904 serae
365 3847 530 3918 prudentias
549 3847 691 3917 nimioque
714 3865 777 3904 meo
801 3848 979 3903 incommodo
998 3851 1108 3918 emptae
1127 3846 1270 3915 emittam,
1293 3845 1421 3902 scilieet:

269 3955 325 3992 non
348 3939 388 3993 sic
411 3941 548 4008 putaram.
587 3937 765 4007 Dispeream,
793 3936 848 3991 nisi
867 3937 971 3993 centies
991 3938 1021 3991 et
1038 3954 1071 3992 eo
1090 3936 1210 4006 amplius
1229 3936 1301 3990 illud
1319 3936 1421 3992 hebrei

270 4031 372 4097 poetae
391 4027 556 4083 vaticinium
574 4044 684 4082 mecum
703 4026 806 4081 tacitus
824 4027 885 4096 ipse
900 4025 1191 4093 submurmuraverim,
1210 4041 1266 4094 quo
1281 4024 1356 4079 serio
1372 4026 1422 4079 ad·

270 4119 377 4182 monet,
404 4133 439 4171 ne
464 4115 636 4186 principibus
660 4132 693 4170 ao
716 4115 860 4169 hominum
884 4115 949 4170 filiis
968 4116 1152 4183 confidamus,
1177 4115 1207 4168 in
1226 4111 1327 4181 quibus
1345 4115 1422 4169 nihil

271 4207 314 4258 est
331 4207 390 4258 tam
409 4205 532 4272 firmum,
560 4207 619 4259 tam
638 4205 739 4260 stabile
762 4207 877 4272 tamque
896 4205 1012 4273 durans,
1031 4204 1106 4274 quod
1124 4221 1181 4258 non
1200 4202 1238 4257 sit
1256 4203 1422 4274 aliquando,

271 4297 300 4347 et
317 4293 346 4346 id
366 4293 478 4361 quidem
495 4286 584 4364 brevi,
602 4295 632 4349 in
650 4295 737 4349 tantis
751 4293 918 4349 felicitatum
933 4295 1049 4349 somniis
1063 4294 1275 4364 emigratunsm.
1297 4292 1422 4349 Ioannes

270 4381 451 4450 Iteuchlinus,
470 4383 514 4436 vir
532 4384 568 4438 ob
587 4383 672 4438 trium
686 4382 846 4453 linguarum
861 4383 993 4453 peritiam
1006 4381 1219 4437 immortalitate
1234 4381 1346 4452 dignm,
1366 4384 1423 4438 hoc

271 4471 398 4542 proximo
422 4472 478 4525 iam
503 4488 597 4527 mense
620 4472 708 4528 vitam
732 4490 795 4526 cum
814 4476 904 4526 morte
922 4471 1042 4526 feliciter
1061 4470 1253 4526 commutavit
1291 4471 1321 4525 ld
1343 4475 1423 4541 quod
