2918 5010
240 335 304 398 704
466 347 697 396 narmursouu
719 332 940 410 nusounlos,
963 343 1159 410 annassan,

238 493 306 557 sive
330 513 448 577 magno
473 492 655 575 stolidoque
678 479 819 555 clamore
837 491 1005 572 parantur,
1028 509 1066 552 eo
1085 486 1236 573 profecto
1257 490 1383 553 laetiore

241 601 340 664 animi
371 601 490 666 affectu
520 621 621 684 eoque
649 597 784 662 fortiore
814 618 965 661 sensuum
995 595 1230 661 testificatione
1262 619 1383 662 consen·

239 712 372 774 tansum
402 712 453 772 est
481 708 562 772 talia
589 705 760 771 sollemnia
787 703 970 768 academica
998 726 1017 768 a
1044 703 1138 768 bonis
1173 704 1328 769 omnibus
1356 708 1384 767 et

242 815 346 898 excipi
375 818 407 878 et
435 812 666 897 concelebrari,
698 812 806 896 qualia
833 833 908 875 raro
937 809 1088 875 fortunae
1116 811 1279 875 beneficio
1308 811 1385 873 intra

242 922 344 986 trium
368 922 544 986 lustrorum
568 919 709 1004 spatium
733 918 812 983 haec
835 922 925 982 aetas
946 940 1023 982 sena
1041 917 1138 982 vidit:
1163 918 1385 1004 Erlangensia,

241 1027 492 1111 Regimontana,
517 1026 716 1110 Gryphiaua,
739 1024 982 1110 Friburgensia,
1006 1024 1165 1108 lenensis,
1189 1023 1384 1089 Basiliensia

245 1133 369 1210 Quibus
392 1156 474 1218 quae
493 1156 578 1198 nunc
598 1133 736 1216 septima
755 1132 909 1196 accedunt
928 1131 1153 1196 Berolinensia
1169 1131 1302 1214 Vestra,
1320 1153 1385 1195 cum

241 1264 261 1306 a
284 1240 442 1322 singulari
466 1240 638 1323 splendore
662 1261 720 1304 suo
745 1260 812 1302 non
834 1239 963 1323 possint
985 1261 1051 1303 non
1069 1239 1243 1303 universae
1263 1238 1382 1322 patriae

241 1346 330 1411 cordi
358 1368 428 1411 esse
457 1351 587 1430 praeter
615 1350 735 1428 cetera,
762 1349 832 1409 turn
857 1345 960 1410 multo
984 1346 1082 1410 etiam
1107 1347 1244 1429 propius
1269 1345 1309 1409 ad
1331 1342 1385 1408 nos

242 1453 450 1538 potissimum
480 1454 672 1534 nostrasque
700 1451 843 1516 rationes
872 1451 1032 1535 pertinere
1060 1455 1210 1534 apertum
1238 1455 1305 1533 est,
1336 1450 1386 1534 qui

242 1559 441 1625 condicionis
466 1557 739 1641 consiliorumque
763 1558 917 1622 societate
936 1556 1113 1622 Vobiscum
1138 1557 1387 1622 coniunctissimi

243 1667 281 1731 ad
307 1666 442 1731 eundem
466 1666 564 1730 finem
588 1664 860 1731 contenderimus.
900 1663 986 1728 Nam
1010 1669 1043 1729 et
1067 1685 1273 1729 communem
1298 1664 1386 1748 origi·

244 1795 317 1837 nem
341 1772 520 1838 Fridericia
534 1771 710 1837 Guilelmia
727 1771 847 1837 Vestra
871 1776 905 1836 et
926 1771 1007 1836 haec
1022 1771 1201 1837 Fridericia
1219 1770 1388 1836 Guilelmia

243 1878 401 1945 Rhenana
424 1879 506 1964 ipsis
529 1879 718 1944 nominibus
745 1882 904 1943 testamur
932 1878 1157 1964 augustissimi
1187 1879 1387 1962 eiusdemque

244 1986 539 2051 munificentissimi
568 1986 746 2056 conditoris
777 1986 956 2050 immortali
990 1986 1165 2051 memoriae
1199 1986 1330 2067 dicatis,
1359 1989 1388 2048 et

244 2093 391 2158 laborum
416 2116 489 2158 eum
513 2093 723 2159 difficultates
748 2096 817 2157 tum
836 2095 981 2178 praemia
999 2094 1071 2159 ideo
1091 2093 1261 2158 simillima
1280 2093 1385 2158 habui·

244 2222 325 2283 mus,
349 2202 434 2284 quod
455 2205 623 2285 tamquam
645 2199 906 2265 adulescentibus
929 2222 966 2265 ac
985 2201 1238 2285 pubescentibus
1263 2222 1384 2266 concer-

244 2306 379 2371 tandum
403 2308 467 2371 fuit
491 2329 563 2371 cum
587 2311 638 2373 tot
662 2307 736 2372 aliis
755 2329 812 2391 per
832 2306 1040 2373 Germaniam
1059 2308 1228 2373 Musarum
1252 2308 1382 2388 sedibus,

243 2435 308 2478 non
338 2413 596 2499 senescentibus,
625 2413 681 2478 sed
709 2435 882 2497 annorum,
910 2415 1011 2480 immo
1040 2416 1245 2481 saeculorum
1268 2415 1385 2500 longin-

245 2521 369 2603 quitate
399 2519 545 2603 maturis,
579 2521 634 2585 sed
667 2521 791 2586 meritis
823 2522 970 2605 quaesita
999 2522 1195 2587 auctoritate
1224 2521 1382 2616 gravibus²

245 2628 301 2694 scd
325 2627 434 2692 debito
459 2628 570 2693 virtuti
594 2628 716 2693 honore
740 2627 925 2694 cumulatis.
964 2628 1067 2705 Quem
1086 2629 1308 2695 contentionis
1326 2649 1387 2693 cur·

243 2758 315 2800 sum
339 2736 434 2818 longe
457 2735 681 2800 nobilissimae
705 2737 827 2819 quanta
859 2735 928 2800 Vos
951 2735 1079 2820 quidem
1103 2757 1176 2800 eum
1206 2736 1313 2822 gloria
1338 2756 1388 2819 per

244 2842 361 2907 horum
392 2842 501 2905 decem
533 2842 711 2908 lustrorum
745 2842 999 2907 continuitatem
1030 2842 1068 2906 ad
1100 2843 1386 2927 praeclarissimum

243 2948 276 3013 in
305 2949 420 3033 quovis
450 2951 484 3012 et
512 2948 677 3015 doctrinae
705 2954 738 3014 et
766 2949 948 3014 honestatis
977 2954 1010 3014 et
1039 2949 1256 3016 humanitatis
1279 2968 1387 3035 genere

245 3057 410 3138 exemplar
438 3054 634 3140 direxeritis,
663 3079 735 3122 cum
765 3057 915 3140 persequi
938 3057 1072 3142 longum
1096 3060 1147 3122 est
1170 3061 1242 3122 tum
1265 3058 1299 3121 in
1322 3078 1386 3140 pro·

243 3162 360 3243 patulo
384 3163 528 3246 positum
552 3164 778 3248 communique
796 3165 942 3229 cultioris
961 3164 1111 3248 Europae
1131 3186 1293 3230 consensu
1310 3185 1386 3229 com·

244 3268 429 3350 probatum.
475 3269 602 3335 Tantae
630 3271 733 3356 igitur
760 3274 892 3355 tamque
916 3271 1051 3336 eximiae
1082 3271 1188 3337 laudis
1212 3270 1387 3351 admiratio,

244 3376 416 3441 accedente
452 3377 642 3443 invitatione
675 3377 795 3442 Vestra
831 3378 1150 3462 benevolentissima,
1185 3400 1252 3444 non
1283 3382 1386 3463 potest

245 3499 311 3542 non
334 3481 419 3544 hanc
443 3482 507 3545 vim
531 3483 664 3567 habere,
695 3485 773 3569 quin
796 3489 999 3570 praesentem
1023 3485 1214 3551 felicitatem
1237 3485 1385 3551 Vestram

247 3589 279 3650 et
309 3588 406 3652 officii
438 3610 566 3672 caussa,
597 3592 683 3675 quod
715 3613 785 3655 esse
816 3592 1056 3657 sanctissimum
1088 3592 1261 3677 sentimus,
1291 3597 1324 3657 et
1353 3612 1387 3655 er

247 3694 347 3757 animi
376 3697 552 3779 sententia,
580 3719 643 3780 quo
670 3697 764 3762 nobis
793 3698 857 3782 ipsi
885 3699 966 3763 satis
995 3698 1166 3780 faciamus,
1188 3697 1292 3764 Vobis
1321 3720 1387 3765 oon·

247 3802 457 3887 gratulemur,
477 3803 627 3887 omnique
642 3804 800 3888 religione
813 3803 918 3869 Deum
934 3802 1102 3889 Optimum
1116 3799 1295 3870 Maximum
1312 3826 1389 3870 eom·

247 3930 428 3994 precemur,
456 3910 505 3974 uti
533 3910 568 3974 in
597 3909 779 3974 illustribus
808 3911 1064 3975 illustrissimam
1088 3910 1297 3977 Fridericiam
1320 3910 1389 3976 Gui-

248 4014 402 4099 lelmiam,
426 4039 500 4081 vere
525 4016 615 4101 regio
639 4018 776 4083 consilio
800 4018 887 4082 inter
910 4022 1092 4102 temporum
1116 4019 1389 4104 iniquissimorum

247 4117 434 4186 discrimina
464 4122 542 4187 olim
571 4122 772 4209 institutam,
801 4147 860 4189 sua
883 4128 993 4190 autenr
1016 4125 1134 4190 virtute
1157 4129 1226 4190 tam
1249 4126 1339 4191 clara
1359 4125 1391 4188 in

246 4226 316 4290 luce
348 4229 415 4293 iam
449 4231 654 4315 collocatam,
687 4237 795 4296 servet
828 4232 967 4316 sospitet
997 4231 1157 4297 secundet
1204 4231 1257 4298 Sic
1287 4237 1391 4297 autem

245 4352 317 4396 curn
347 4335 549 4402 celebrandis
578 4360 597 4402 a
621 4336 733 4403 Vobis.
752 4362 810 4425 per
838 4339 1004 4424 proximos
1028 4339 1095 4404 dies
1119 4340 1220 4404 saeris
1244 4342 1393 4407 semisse·

245 4438 408 4506 cularibus
432 4444 496 4507 iarn
521 4466 621 4528 nunc,
651 4446 736 4530 quod
762 4448 882 4513 bonum
905 4447 984 4512 felir
1006 4447 1151 4512 faustum
1176 4446 1392 4514 fortunatum-
