2940 5004
259 332 324 396 506
389 306 394 314 ¹
549 346 808 396 enonssousur
832 348 879 394 ns
903 347 1114 396 narrouruvs

259 492 349 557 cuius
373 492 576 576 septenarius
601 496 634 556 ct
656 514 803 557 caussam
827 496 860 556 et
884 512 977 556 usum
1001 492 1113 575 procul
1139 491 1273 556 habuit:

579 604 1076 702 -o-sso‡o!o‡cl-oro-

258 760 342 826 Hinc
366 761 452 827 aliud
477 761 650 826 discrimen
673 766 801 843 natum,
830 783 896 843 quo
917 761 1082 843 aliquanto
1106 760 1182 845 plus
1208 761 1342 845 gratiae
1365 783 1409 826 sc·

258 869 348 934 nario
377 891 473 953 quam
502 867 687 952 septenario
703 867 881 932 'conciliari
909 869 1025 953 potuit.
1071 867 1156 933 Nam
1186 868 1220 932 in
1244 867 1311 932 hoc
1339 891 1407 934 cum

258 977 338 1040 duae
367 974 443 1040 illae
472 997 623 1040 caesurae
653 973 794 1040 vicariae
819 974 954 1039 duarum
977 977 1106 1039 tantum
1130 974 1343 1058 syllabarum
1365 978 1409 1040 in·

258 1083 394 1148 tervallo
418 1082 502 1146 inter
530 1104 564 1147 se
588 1083 711 1146 distent
734 1104 908 1166 earumque
932 1081 1032 1146 iambi
1056 1104 1243 1147 mensuram
1270 1106 1407 1168 aequan-

257 1190 350 1274 tium,
372 1212 431 1254 nec
455 1189 521 1253 vim
545 1189 646 1253 ullam
670 1211 728 1253 nec
752 1190 925 1274 quicquam
948 1189 1120 1255 suavitatis
1144 1188 1271 1254 habere
1292 1190 1407 1255 utrius·

258 1320 321 1381 que
344 1297 484 1364 vicariae
512 1318 664 1361 caesurae
693 1297 726 1362 in
754 1297 867 1363 eodem
891 1318 985 1361 versu
1009 1297 1193 1362 coniunctio
1218 1299 1344 1380 potuit:
1376 1298 1405 1362 id

258 1404 343 1487 quod
367 1403 462 1469 facile
487 1426 599 1480 eorum
618 1427 767 1469 versuum
792 1405 939 1489 exemplo
960 1404 1099 1469 sentitur
1118 1426 1201 1488 quos
1220 1426 1253 1486 p.
1270 1421 1405 1470 cccxxv

257 1511 313 1576 inf.
339 1511 415 1592 [501
441 1513 525 1595 sup]
549 1512 728 1595 posuimus
773 1512 863 1590 Quae
891 1512 1001 1576 omnia
1028 1533 1099 1575 curn
1128 1532 1195 1575 non
1224 1511 1346 1577 cadant
1372 1513 1405 1576 in

259 1618 435 1703 senarium,
467 1618 561 1683 huius
595 1619 739 1703 quidem,
771 1608 799 1684 si
831 1619 1014 1704 legitimam
1042 1618 1313 1702 semiquinariam
1341 1642 1404 1685 non

257 1725 403 1808 haberet,
436 1726 673 1810 perfectissima
699 1726 806 1791 forma
833 1748 872 1790 ea
899 1726 1026 1791 exstitit
1054 1747 1136 1810 quae
1165 1725 1204 1789 fit
1236 1727 1404 1811 utriusque

257 1835 495 1900 consociatione
518 1833 657 1899 vicariae
681 1855 844 1898 caesurae:

629 1939 1031 2007 oru-{o‡ol-c‡c-

255 2067 338 2132 Eam
363 2068 501 2131 formam
525 2067 625 2131 habes
649 2065 738 2130 velut
761 2064 848 2130 Trin.
871 2088 899 2129 v.
926 2068 975 2131 11.
1002 2067 1054 2130 47.
1083 2067 1135 2130 53.
1165 2066 1217 2131 76.
1248 2068 1301 2132 82.
1334 2068 1401 2132 194.

255 2176 329 2239 512.
353 2174 427 2239 513.
451 2175 529 2239 591:

344 2316 543 2381 Nostramne
567 2338 619 2380 ere
643 2317 693 2381 uis
717 2313 876 2382 nutricem
899 2339 980 2402 quae
1003 2339 1063 2381 nos
1087 2316 1211 2382 aducat.

344 2422 524 2509 Suspitiost
546 2423 580 2487 in
604 2427 735 2507 pactore
759 2424 864 2488 alieno
888 2426 959 2489 sita.

255 2566 405 2642 Qualium
429 2588 579 2630 versuum
603 2566 786 2632 distinctius
810 2568 903 2632 finita
926 2569 1010 2633 ratio
1035 2568 1114 2633 haec
1138 2574 1198 2652 est,
1222 2574 1261 2634 ut
1283 2594 1345 2656 pro
1368 2593 1399 2635 re

253 2677 331 2739 nata
355 2677 411 2739 aut
433 2675 523 2758 prior
546 2697 678 2740 caesura
702 2679 758 2740 aut
780 2677 942 2759 posterior
965 2676 1119 2740 stichicae
1140 2676 1192 2739 vel
1211 2677 1398 2762 principalis

251 2782 446 2867 dignitatem
470 2787 613 2867 tueatur,
643 2784 684 2847 ad
712 2782 846 2866 pedicae
869 2783 1037 2848 levitatem
1061 2783 1264 2867 deprimatur
1289 2784 1398 2850 altera

95 2907 245 2949 cccxxrn
260 2925 296 2936 -
325 2889 446 2965 Quodsi
475 2889 624 2955 alterutri
646 2892 773 2954 tantum
797 2890 937 2955 vicariae
961 2912 1111 2955 caesurae
1135 2891 1226 2956 locus
1250 2881 1306 2955 681
1326 2913 1397 2957 con-

249 3020 367 3080 cessus,
391 2996 452 3062 etsi
472 2997 641 3081 aliquanto
662 2998 766 3061 rarior
784 3019 881 3081 quam
902 2997 1168 3083 semiseptenaria
1189 3020 1227 3062 ca
1247 3002 1299 3063 est
1318 3022 1397 3084 quae

249 3106 286 3168 lit
309 3108 397 3188 post
420 3105 625 3168 secundam
650 3105 782 3188 araim,
807 3109 843 3168 61
867 3127 894 3168 v.
918 3106 993 3169 121:

337 3246 376 3311 In
399 3247 532 3311 eandem
556 3250 627 3311 tute
651 3248 817 3312 accc'deres
842 3247 1026 3331 infamiam,

247 3392 357 3453 tamen
381 3412 398 3453 e
422 3390 555 3454 raritate
579 3411 644 3453 non
669 3393 719 3454 est
741 3390 954 3456 dubitationis
978 3413 1093 3454 caussa
1118 3391 1306 3475 repetenda.
1351 3393 1397 3458 Eo

248 3500 355 3561 autem
385 3497 420 3561 in
451 3516 566 3581 genere
596 3497 773 3561 cavendum
801 3497 865 3562 fuit
894 3520 934 3561 ne
963 3498 1112 3582 graviore
1141 3500 1216 3581 post
1245 3504 1397 3582 quartam

248 3604 347 3669 arsim
371 3604 630 3688 interpunctione
659 3605 830 3670 accedente
854 3605 982 3670 tribus
1012 3604 1158 3689 partibus
1182 3627 1320 3688 prorsus
1345 3631 1398 3693 pa·

247 3711 336 3775 ribus
360 3734 472 3775 versus
496 3711 694 3776 decurreret:
719 3712 804 3796 quod
829 3735 901 3777 cum
927 3712 1005 3777 satis
1030 3711 1249 3776 excusationis
1271 3736 1299 3777 v.
1315 3715 1399 3779 1094

247 3818 366 3884 habeat

335 3927 362 3991 0
387 3924 556 4011 Callicles,
579 3950 598 3991 o
623 3926 789 4011 Callicles,
814 3951 832 3992 o
858 3926 1025 4012 Callicles,

246 4074 280 4133 at
303 4069 479 4135 verendum
503 4074 552 4134 est
576 4075 612 4134 61
635 4071 763 4136 veniam
787 4071 884 4135 etiam
909 4094 939 4136 v.
963 4072 1028 4137 582
1051 4071 1218 4156 impetret:

333 4211 395 4277 Dic
419 4210 569 4297 Callicli,
584 4236 636 4279 me
660 4219 696 4278 ut
719 4215 885 4280 canuenat.
934 4213 1018 4290 Quin
1042 4216 1077 4277 tu
1101 4211 1115 4277 ι’
1136 4213 1245 4297 modo,

246 4354 299 4418 ubi
320 4360 375 4419 aut
395 4362 429 4420 ut
447 4378 494 4421 mc
511 4364 660 4422 ccnucrcct
679 4356 956 4441 transponendum
977 4361 1034 4422 aut
1051 4359 1120 4422 racd
1136 4362 1172 4421 ut
1189 4359 1400 4449 conuenae)

246 4464 288 4470 ’“
315 4494 342 4562 ⁸)
362 4493 524 4565 [carrina
547 4495 587 4551 cf.
608 4496 678 4551 uov.
698 4515 756 4552 010.
775 4496 867 4553 riuus.
888 4499 899 4552 1
919 4516 945 4568 p.
957 4503 999 4551 41.
1025 4499 1124 4568 opusc.
1139 4496 1210 4567 phu.
1226 4499 1267 4554 111
1283 4520 1312 4572 p.
1328 4505 1402 4578 rsa]
