2992 5004
440 350 705 400 annunnmours
729 350 935 401 Paavrrnna.
1199 331 1264 396 353

116 494 326 578 aliquotienS,
356 494 389 558 in
418 494 452 558 B
480 518 507 559 v.
537 495 601 560 699
631 491 771 582 (itoqc's):
804 495 910 560 rarius
933 493 1065 577 reliquis
1090 510 1182 570 Quor
1207 497 1266 577 est,

117 605 196 684 puto
218 602 304 686 quod
322 601 356 665 in
374 601 437 666 hoo
455 602 706 688 ambiguitatem
724 602 787 687 ipsi
802 605 926 667 veteres
945 600 1144 685 defugerent.
1173 597 1265 665 Oete-

116 730 188 773 rum
213 731 280 774 non
298 709 424 794 desunt,
447 730 529 794 quae
548 710 582 774 in
601 709 797 775 contrariam
815 712 942 794 partem
961 709 1103 794 valeant,
1125 712 1163 774 ut
1182 727 1267 786 Qum

116 838 176 899 pro
198 818 266 898 qud
288 839 316 881 v.
340 818 420 901 504,
449 816 593 882 omnium
617 821 726 882 autem
749 817 1058 902 frequentissimum,
1087 816 1143 881 sed
1171 818 1267 882 nnius

118 923 238 989 codicis
266 924 435 1010 proprium
463 925 574 1008 adpre,
602 924 688 1009 quod
716 925 834 990 mirum
864 927 913 990 est
936 923 1169 1010 propemodum
1193 946 1267 990 con·

119 1033 245 1115 stanter
272 1032 319 1097 sio
347 1033 504 1117 scriptum
532 1031 566 1096 in
591 1033 661 1098 solo
685 1032 860 1098 Decurtato
885 1035 1021 1097 exstare.
1067 1030 1267 1116 Corruptelis

117 1142 226 1204 autem
256 1140 355 1205 etiam
382 1141 473 1204 haret
501 1141 663 1225 scriptura
689 1162 756 1206 non
783 1161 858 1205 raro
886 1139 1046 1224 proditur,
1076 1140 1165 1205 velut
1196 1160 1269 1203 oum

116 1268 177 1330 pro
206 1268 244 1311 eo
273 1253 330 1313 aul
355 1247 500 1331 positum
528 1252 579 1312 eet
608 1270 637 1313 v.
660 1246 735 1312 362.
760 1248 833 1312 721.
879 1245 942 1312 Sed
964 1268 1086 1311 novum
1109 1246 1268 1336 estquod

116 1352 240 1419 duabus
263 1353 341 1418 horel
367 1358 400 1419 et
421 1353 509 1419 Mrcd
534 1353 650 1419 formis
680 1354 778 1419 tertia
800 1355 873 1420 loca
901 1350 1089 1440 accessit*),
1118 1357 1269 1438 suscepta

118 1483 138 1525 a
157 1483 208 1524 me
227 1483 265 1525 ex
286 1460 502 1526 Ambrosiano
521 1483 549 1526 v.
569 1461 634 1526 233
654 1461 731 1546 (tarr
750 1460 856 1545 lc'quet)
876 1464 908 1525 et
927 1461 992 1526 462
1011 1460 1089 1547 (toro
1107 1457 1269 1547 donarat),

118 1568 152 1632 in
181 1568 357 1652 eodemque
386 1566 495 1632 codice
525 1568 599 1633 aliis
627 1568 660 1632 in
688 1567 807 1634 fabulis
835 1576 902 1633 tam
931 1590 1027 1654 saepe
1056 1573 1203 1649 exstans,
1232 1571 1270 1631 ut

119 1674 159 1739 de
183 1675 301 1740 calami
325 1675 420 1759 lapsu
444 1675 583 1760 cogitari
601 1679 751 1759 nequeat.
789 1674 924 1741 Accedit
941 1676 1027 1760 quod
1046 1676 1080 1740 in
1099 1696 1164 1740 uno
1184 1673 1268 1759 quod

118 1781 220 1848 sciam
255 1786 466 1848 monumento
501 1782 586 1867 apud
618 1780 793 1848 Gruterum
822 1805 852 1865 p.
884 1783 962 1866 769,
993 1783 1077 1868 apud
1111 1781 1269 1848 Orellium

118 1910 150 1953 n.
173 1889 270 1974 4848,
299 1890 488 1974 planissime
512 1890 669 1975 scriptum
699 1893 749 1954 est
771 1908 855 1955 nnio
877 1907 942 1956 aar
968 1906 1174 1955 seuvacum
1198 1907 1270 1954 nav

119 2014 284 2061 avocavn
307 2014 458 2061 avncam
482 2013 652 2063 ramula:
681 1998 737 2063 ubi
762 2019 781 2062 e
803 2019 837 2062 se
860 1997 961 2062 tacito
985 1997 1140 2062 nimirum
1164 2018 1269 2062 emen·

122 2103 216 2167 datae
231 2103 411 2187 scripturae
426 2104 512 2170 laced
528 2105 612 2170 hano
631 2109 779 2190 paratam
798 2126 870 2170 esse
884 2097 1104 2170 defensionem
1119 2104 1269 2189 Meyerus

119 2209 222 2274 voluit
241 2209 374 2276 Anthol.
393 2210 450 2274 lat.
469 2234 499 2276 n.
526 2211 624 2276 1276:
649 2210 758 2293 ‘haadl
782 2211 847 2277 tac
864 2210 1041 2277 Gruterus?
1078 2209 1270 2297 Opportune

119 2321 228 2381 autem
256 2316 386 2402 accidit,
415 2317 500 2402 quod
528 2317 617 2383 illius
645 2316 770 2384 fo'rmae
800 2340 901 2405 prope
929 2319 1180 2385 intermortuam
1204 2339 1270 2382 me·
1388 2318 1390 2321 ’

119 2424 257 2489 moriam
281 2425 359 2490 licet
382 2426 669 2510 grammaticorum
693 2425 888 2492 auctoritate
912 2425 1037 2491 munire
1061 2422 1301 2510 quantumviso

120 2552 159 2595 ea
181 2554 266 2597 nunc
291 2533 473 2598 obscurata.
519 2532 633 2619 Neque
661 2535 747 2600 enim
772 2556 852 2599 sana
875 2555 945 2599 esse
967 2532 1062 2616 haec,
1091 2533 1208 2618 quibus
1232 2530 1270 2596 de

119 2637 206 2703 hored
236 2640 396 2723 particula
427 2641 637 2726 praecipitur,
674 2641 770 2706 Marii
802 2640 963 2707 Victorini
995 2626 1095 2705 verba
1126 2641 1271 2724 possunt,

122 2768 204 2831 quae
229 2768 246 2811 e
270 2771 300 2833 p.
327 2748 366 2812 ll
392 2745 494 2813 Gaisf.
517 2748 662 2833 paullulo
686 2770 784 2833 quam
807 2748 892 2833 apud
915 2747 1106 2813 Putschium
1129 2769 1159 2830 p.
1183 2743 1271 2810 2462

123 2852 189 2936 [15‚
204 2853 245 2917 21
261 2852 314 2936 K]
336 2855 532 2921 correctiora
555 2855 639 2920 infra
664 2855 794 2940 scripsi:
819 2852 987 2940 ‘Haud**)
1011 2853 1200 2918 aduerbium
1221 2855 1272 2918 est

122 2961 263 3045 negandi
293 2965 326 3025 et
353 2962 517 3047 significat
544 2962 631 3026 idem
659 2962 745 3047 quod
774 2961 860 3046 apud
890 2960 1030 3027 Graecos
1058 2960 1111 3024 od:
1146 2959 1202 3024 sed
1230 2960 1271 3024 ab

124 3067 269 3153 antiquis
289 3090 360 3133 cum
381 3069 611 3154 adspiratione,
636 3069 757 3134 utalia
775 3090 901 3154 quoque
919 3068 1028 3152 uerba,
1051 3065 1173 3130 dictum
1194 3067 1270 3148 [est]

123 3177 156 3238 et
180 3173 307 3238 adiecta
330 3176 352 3239 cl
373 3176 493 3259 littera,
516 3197 614 3260 quam
634 3176 797 3260 plerisque
819 3176 928 3241 uerbis
952 3173 1142 3240 adiciebant.
1178 3175 1271 3239 dta-

125 3300 198 3344 men
221 3279 364 3345 litteram
389 3286 569 3364 conseruat,
593 3282 621 3346 si
644 3302 781 3367 sequens
805 3283 940 3347 uerbum
963 3281 1100 3367 incipiat
1123 3302 1143 3345 a
1165 3280 1272 3347 uocali

121 3386 262 3453 athoud
284 3389 376 3453 aliter
397 3409 503 3454 muros
526 3392 559 3454 et
581 3388 667 3453 hored
687 3390 834 3471 mecedem.
857 3392 893 3454 at
911 3411 984 3455 cum
1003 3389 1140 3454 uerbum
1160 3411 1180 3453 a
1198 3410 1270 3458 con·

125 3495 255 3559 sonanti
284 3496 413 3580 incipit,
439 3485 462 3560 d
487 3496 595 3580 perdit
622 3500 660 3560 ut
685 3495 763 3561 lact
789 3497 907 3562 dodran
917 3486 963 3561 'et
984 3495 1062 3561 locut
1083 3495 1216 3560 maltum
1240 3498 1273 3559 et

120 3599 198 3664 turcl
213 3602 374 3684 placitae
395 3604 502 3686 refert,
526 3607 560 3668 et
582 3603 705 3668 inducit
728 3601 760 3669 t'
807 3601 854 3688 si,
882 3624 980 3688 quam
1003 3603 1183 3688 ingenitam
1206 3622 1273 3665 non

121 3707 250 3792 habuit,
277 3710 299 3774 d
327 3709 470 3774 litteram
499 3709 615 3775 ascivit
637 3710 766 3775 demum
788 3709 875 3776 haud
895 3710 1057 3795 particula
1080 3714 1113 3774 et
1135 3708 1273 3775 tollendi

120 3814 229 3879 hiatus
264 3837 380 3881 caussa
415 3820 600 3900 conservat,
636 3837 835 3900 consequens
867 3821 917 3883 est
950 3816 1096 3903 profecto
1128 3821 1178 3901 ut,
1215 3815 1272 3881 ubi

121 3920 206 3985 nihil
231 3922 314 4006 hiet,
342 3945 407 3988 non
430 3927 537 3989 mutet
559 3924 775 3989 adventicium
798 3925 1035 3990 incrementum
1058 3946 1132 3990 cum
1155 3922 1272 3988 adven-

121 4027 199 4091 ticio
227 4028 428 4096 incremento
456 4031 536 4115 alio,
564 4029 621 4095 sed
650 4030 769 4096 abiciat
798 4031 906 4114 potius
931 4034 964 4095 et
986 4031 1159 4114 pristinam
1183 4030 1272 4096 indo

122 4134 188 4199 lem
216 4134 337 4201 induat.
384 4137 469 4214 Quid
496 4136 623 4203 multa?
651 4159 716 4203 non
744 4137 782 4202 de
810 4137 896 4202 haud
924 4137 974 4203 vel
1004 4137 1081 4203 locat
1110 4139 1272 4223 scriptura

123 4244 358 4328 grammaticus
380 4246 560 4330 praecepit,
588 4243 644 4309 sed
667 4243 706 4309 dc
728 4243 816 4310 haud
837 4248 871 4308 et
892 4243 964 4329 tau,
988 4268 1087 4331 quam
1110 4267 1183 4310 cum
1206 4267 1272 4310 non

213 4405 242 4472 *)
263 4401 315 4472 [Cf.
334 4401 436 4472 Opuac.
456 4403 527 4473 phil.
546 4402 572 4456 II
591 4419 618 4472 p.
638 4408 689 4457 591
701 4419 742 4471 sq.
762 4400 802 4454 ΙΙΙ
819 4419 847 4471 p.
868 4409 917 4457 131
929 4404 981 4472 aq.]

194 4491 235 4561 ”l
255 4492 324 4563 [hau
342 4492 415 4547 Nor.
434 4492 500 4548 Ero.
519 4492 613 4548 Plaut.
633 4492 646 4544 l
664 4511 691 4562 p.
712 4491 748 4563 5.]

181 4599 223 4634 ra.
243 4597 393 4634 mascaron
413 4599 550 4636 orvscvnn
568 4599 594 4635 r.
1024 4587 1059 4634 23
