2992 5004
456 349 722 398 morasmoras
745 349 953 398 rasvrmla.
1212 332 1278 399 289

132 496 165 557 et
187 492 267 557 265:
290 493 504 579 pluraquam
527 494 627 559 velles
652 497 852 559 evanuerunt
873 494 907 558 in
931 493 1059 579 paginis
1085 493 1135 558 19.
1155 492 1207 558 30.
1225 493 1277 558 45.

131 600 183 664 46.
207 600 288 665 255:
321 601 466 666 omnium
495 601 635 687 pessime
663 601 795 667 habitae
819 605 897 666 sunt
919 602 1058 687 paginae
1082 601 1147 667 266
1171 604 1204 665 et
1229 602 1279 667 18.

132 705 170 770 ln
198 707 491 772 commemorandis
515 708 727 774 Ambrosiam
754 709 830 774 libri
859 709 1029 793 scripturis
1058 712 1179 793 quanta
1207 707 1278 772 fieri

132 834 208 878 cura
231 814 338 897 potuit
361 813 440 878 illud
464 813 587 896 studui,
616 819 654 879 ut
677 835 758 899 qnae
782 819 871 881 certa
895 818 1016 898 essent,
1040 836 1122 899 quae
1146 815 1278 897 incerta,

132 919 303 1007 diligenter
326 925 523 987 annotarem.
562 921 676 1007 Itaque
700 943 797 1005 saepe
820 922 871 987 vel
893 927 930 986 ut
950 922 1071 986 oidelm
1093 919 1194 986 adieci
1217 921 1277 1004 vel,

132 1025 218 1112 quod
241 1027 355 1093 eodem
378 1028 485 1094 valere
508 1029 607 1113 volui,
627 1029 689 1095 hac
712 1034 793 1096 nota
816 1051 893 1094 usus
917 1051 988 1093 sum
1004 1025 1073 1114 (l).
1105 1028 1279 1093 Praeterea

131 1156 243 1200 earum
266 1136 460 1215 litterarum,
484 1158 566 1220 quae
590 1138 702 1221 quales
722 1141 832 1203 essent
851 1137 920 1202 erui
939 1157 1004 1201 non
1023 1139 1144 1220 posset,
1168 1137 1277 1220 spatia

133 1244 187 1308 ubi
209 1243 333 1308 licebat
354 1243 523 1308 numeravi
546 1244 726 1329 horumque
750 1265 920 1308 numerum
940 1243 1121 1326 spatiorum
1141 1242 1278 1307 totidem

131 1351 259 1433 punctis
283 1349 396 1415 mediis
422 1350 564 1434 signavi,
597 1351 685 1416 velut
708 1374 737 1416 v.
763 1351 804 1415 14
827 1366 1014 1434 namnam,
1045 1366 1278 1415 uma.....n.

131 1456 161 1521 A
194 1478 257 1542 quo
287 1477 404 1542 genere
434 1462 626 1542 punctorum
654 1458 741 1522 aliud
770 1478 873 1544 genus
897 1458 969 1541 ipsa
996 1456 1102 1522 forma
1129 1456 1276 1539 discrevi,
1290 1483 1325 1523 xr

131 1586 195 1649 quo
227 1564 298 1649 ipse
332 1564 485 1631 librarius
518 1570 555 1630 ut
587 1552 815 1650 compendium
846 1565 1025 1650 scripturae
1052 1564 1175 1630 faceret
1202 1585 1279 1629 usus

132 1677 191 1758 est,
214 1675 251 1736 ut
273 1694 301 1737 v.
325 1671 368 1737 92
392 1689 477 1750 nro·
501 1677 534 1738 et
557 1690 933 1758 mrnosoonoscaaa,
956 1673 1036 1738 item
1059 1689 1144 1751 rao·
1166 1694 1195 1737 v.
1205 1670 1279 1735 205.

132 1778 206 1844 352.
229 1779 303 1844 377.
349 1795 471 1857 Qm‘ro·
494 1780 570 1846 855.
615 1780 701 1846 Nam
729 1784 859 1865 praeter
887 1781 949 1846 hoc
976 1781 1084 1866 ipsum
1112 1797 1182 1858 Qua
1209 1799 1280 1862 par·

132 1887 282 1951 cissimus
306 1886 378 1971 ille,
407 1892 443 1952 ut
466 1893 517 1954 est
538 1892 806 1971 consentaneum,
834 1888 1098 1972 compendiorum
1121 1886 1198 1970 fuit,
1221 1906 1280 1949 nec

134 1993 201 2059 fere
225 1993 410 2060 huiusmodi
433 1994 467 2059 in
486 1995 676 2061 Trinummo
700 1995 874 2080 quicquam
896 1998 1003 2060 exstat
1026 1991 1197 2078 praeterri
1220 2013 1279 2076 pro

131 2116 203 2166 nori
227 2124 255 2166 v.
278 2101 343 2167 308
372 2105 406 2166 et
433 2102 573 2168 fortasse
601 2102 765 2169 cimmo
799 2124 828 2167 v.
851 2101 925 2167 545.
973 2100 1020 2166 Vt
1042 2104 1165 2184 autem,
1197 2120 1280 2185 quae

132 2214 332 2274 evanuerunt
364 2209 507 2293 litterae,
539 2210 637 2274 etiarn
668 2232 733 2296 qua
761 2209 830 2274 fere
860 2230 1011 2274 mensura
1040 2212 1149 2272 essent
1170 2207 1280 2291 aliqua

131 2320 216 2380 certa
240 2321 395 2400 exparte
421 2317 652 2402 significarem:
676 2317 768 2402 (nam
792 2319 979 2382 constanter
1001 2316 1064 2381 hoc
1086 2315 1157 2380 fieri
1181 2315 1280 2399 pluri-

132 2443 201 2487 mas
225 2423 268 2487 ob
292 2443 424 2488 caussas
447 2446 513 2489 non
536 2423 671 2510 potuim)
693 2425 757 2490 hac
778 2429 858 2490 nota
883 2426 889 2489 Ι
915 2445 969 2488 eas
993 2424 1119 2489 litteras
1144 2422 1280 2508 signavi,

132 2550 213 2612 qnae
242 2551 316 2594 cum
344 2552 411 2595 una
434 2531 554 2596 lineola
576 2530 836 2617 perpendiculari
861 2533 1023 2615 constent,
1056 2531 1186 2595 exilium
1210 2529 1280 2614 api·

131 2657 203 2701 cum
227 2636 408 2702 adiectione
435 2637 521 2702 inter
552 2659 586 2703 se
609 2637 781 2721 discretae,
811 2636 940 2722 possint
962 2637 1013 2702 vel
1036 2635 1061 2700 Ι
1080 2657 1151 2701 esse
1174 2636 1225 2701 vel
1248 2635 1283 2700 E

133 2742 182 2806 vel
207 2742 239 2807 Τ
259 2743 309 2808 vel
330 2744 380 2809 F:
413 2767 433 2809 a
456 2767 594 2830 quarum
617 2745 832 2810 similitudine
856 2766 984 2808 summa
1006 2743 1152 2828 proxime
1175 2743 1208 2807 P
1227 2743 1279 2808 lit

130 2852 209 2933 tera,
233 2850 342 2936 aliquo
366 2851 539 2918 intervallo
557 2852 592 2918 B
611 2856 644 2917 et
662 2852 697 2917 D
719 2853 849 2936 absunt,
872 2851 970 2937 longe
993 2855 1103 2915 autem
1126 2849 1279 2933 amplitu-

131 2956 205 3022 dine
230 2979 290 3022 sua
314 2958 403 3023 velut
426 2958 467 3042 A,
490 2959 531 3023 H
549 2955 653 3043 (cuius
678 2963 832 3024 constans
855 2957 936 3023 haee
957 2957 1065 3022 forma
1088 2961 1139 3022 est
1160 2955 1224 3042 K),
1244 2955 1280 3040 U,

130 3063 175 3149 R,
205 3064 232 3146 Q
260 3064 397 3148 distant,
429 3065 560 3151 longius
592 3064 690 3130 etiam
713 3066 758 3130 M
776 3068 809 3130 et
828 3065 873 3129 N.
918 3063 967 3129 De
990 3085 1054 3150 quo
1078 3064 1144 3129 iam
1167 3063 1280 3128 monui

132 3169 298 3257 Parergon
339 3171 567 3239 Plautinorum
609 3195 640 3256 p.
677 3173 744 3238 284
776 3175 899 3256 annot,
941 3171 1130 3256 explicatius
1172 3174 1280 3234 autem

133 3277 248 3362 dicam,
272 3278 328 3343 ubi
351 3277 561 3346 Ambrosiani
589 3278 711 3345 codicis
735 3279 929 3364 scripturam
953 3279 1101 3363 exemplo
1125 3277 1280 3363 lithogra

2 3404 6 3410 ·
133 3384 190 3467 phi
214 3389 285 3450 arte
307 3386 395 3452 facto
419 3386 599 3472 declarabo,
623 3388 719 3472 quale
742 3387 807 3451 iam
822 3386 969 3472 Angelus
983 3386 1090 3451 Maius
1114 3384 1216 3449 edidit
1239 3384 1280 3448 ad

133 3491 368 3557 emendandum
392 3491 545 3565 Plautum
569 3494 790 3560 utilissimum.
835 3491 921 3558 Hinc
945 3494 1030 3558 enim
1054 3496 1113 3578 est,
1135 3496 1173 3556 ut
1194 3511 1280 3555 nunc

81 3637 85 3643 -
133 3599 279 3682 exemplo
303 3603 432 3665 tantum
455 3604 538 3684 utar,
563 3602 649 3687 quod
672 3601 706 3667 in
730 3600 887 3667 Palatinis
912 3601 1020 3684 libris,
1042 3600 1098 3685 qui
1122 3622 1139 3664 e
1163 3599 1280 3664 similis

134 3705 317 3789 scripturae
340 3707 449 3772 codice
473 3711 657 3792 manarunt,
681 3708 769 3773 velut
792 3709 886 3773 listro
909 3706 1068 3791 reperitur
1090 3728 1148 3789 pro
1171 3706 1280 3770 iiotro

132 3833 161 3877 v.
185 3812 216 3898 3,
239 3813 340 3879 lmodo
364 3836 422 3898 pro
448 3815 460 3879 i
482 3816 573 3880 modo
596 3838 625 3881 v.
648 3815 722 3881 583.
746 3815 820 3899 587,
845 3815 879 3879 ln
902 3836 961 3898 pro
985 3815 1020 3878 in
1043 3835 1072 3877 v.
1095 3812 1174 3878 651:
1204 3811 1280 3876 hinc

132 3919 212 3983 illud
236 3942 364 4005 quoque
388 3921 491 3986 multo
515 3921 646 4007 gravius
669 3922 764 4007 quod,
787 3944 860 3987 cum
883 3922 1072 4006 plerumque
1090 3941 1130 3983 ne
1154 3919 1188 3983 in
1202 3917 1279 3981 Arn-

133 4025 286 4091 brosiano
310 4028 441 4111 quidem
455 4027 480 4092 I
490 4029 572 4094 etE
592 4027 730 4094 discerni
753 4028 891 4113 possint,
914 4028 1123 4114 perexiguam
1147 4027 1280 4092 illorum

132 4131 289 4198 librorum
320 4156 390 4199 esse
412 4133 509 4200 fidem
534 4136 742 4220 consequitur
764 4134 805 4199 ad
828 4134 997 4199 testandas
1021 4134 1279 4199 accusativorum

131 4238 254 4306 formas
278 4242 380 4306 manis
402 4261 518 4327 omnes,
547 4246 580 4307 et
607 4264 690 4328 quae
717 4242 834 4307 harum
863 4240 988 4305 similes
1012 4245 1088 4305 sunt
1109 4240 1279 4325 plurimae.

133 4345 337 4412 —Omnem
365 4350 473 4412 autem
502 4349 748 4415 annotationem
777 4370 883 4414 meam
910 4370 1172 4434 unumquemque
1199 4351 1279 4432 puto

68 4460 74 4474 ‘
134 4453 232 4518 etiam
252 4477 304 4519 me
322 4476 388 4520 non
407 4460 558 4522 monente
577 4456 626 4521 ita
643 4457 941 4542 interpretaturum,
959 4460 997 4520 ut
1015 4457 1054 4521 de
1068 4456 1278 4522 Ambrosiani
1292 4481 1340 4521 x11

185 4576 226 4612 ra
245 4577 396 4613 mrscnaun
415 4578 552 4615 orrscvna
570 4580 595 4616 v.
1033 4565 1066 4614 19
