2986 5010
459 346 723 394 auauousiours
748 346 954 394 eosvsiunu.
1215 334 1281 397 455

133 492 248 571 poetae
272 487 430 573 fugerent,
454 511 492 553 ea
515 494 624 554 autem
647 491 757 574 paullo
782 489 891 555 durior
914 491 996 555 ratio
1017 492 1063 556 ita
1082 495 1221 577 tantum,
1244 498 1281 558 ut

133 595 260 660 duobus
293 597 458 661 vocabulis
487 597 610 680 primus
643 620 700 681 pes
728 602 986 681 componeretur,
1020 598 1116 663 vitari
1143 603 1280 683 poterat.

131 702 216 768 Hinc
241 703 340 787 igitur
364 707 413 767 est
436 725 500 785 cur,
523 725 596 767 cum
618 726 684 767 non
709 704 812 769 multa
835 708 964 769 exstent
981 704 1164 770 huiusmodi
1185 705 1279 771 initia

131 810 175 898 (v.
200 813 250 876 86.
275 813 327 875 94.
350 812 425 876 497.
449 811 522 875 570·
546 809 595 896 3):

220 955 328 1040 Atque
350 954 383 1019 id
407 956 519 1018 tumen
571 1004 1111 1018 .........

222 1059 297 1126 Non
320 1058 373 1124 hic
396 1060 503 1143 place't
569 1110 1110 1124 .........

218 1166 313 1231 Nunc
336 1170 375 1230 ut
396 1167 479 1230 scias

219 1273 312 1349 Quod
336 1271 400 1337 tibi
423 1273 516 1337 lube't
568 1324 1108 1338 .........
1292 1289 1373 1332 ccxx

106 1422 110 1429 «
218 1380 329 1462 Adest,
353 1381 393 1443 en
415 1378 528 1464 illae‘*)
557 1381 621 1460 [cm
645 1379 738 1445 illaec
764 1377 907 1461 Tuon.
968 1431 974 1444 .
1035 1433 1041 1444 .
1103 1433 1109 1445 .

128 1522 280 1606 pauciora
310 1522 409 1586 etiam
439 1522 642 1606 reperiantur
672 1522 711 1586 ad
742 1521 804 1588 hoc
832 1525 1012 1608 exemplum
1042 1524 1129 1591 facta
1157 1524 1201 1609 (v.
1224 1525 1276 1590 33.

128 1632 201 1695 541.
226 1629 300 1693 554.
323 1627 441 1692 Bacch.
465 1630 530 1693 260
554 1629 678 1712 [292]);

218 1772 339 1835 Eorum
364 1771 441 1836 licet

216 1879 302 1945 Oue's
325 1879 458 1943 scabrae

216 1986 376 2064 Quoniam
400 1985 511 2049 uident
556 2035 1092 2053 ........

115 2135 122 2151 ·
215 2093 371 2170 Quamuis
396 2095 515 2159 malim
554 2142 1091 2161 ........

125 2234 199 2300 Nisi
227 2236 289 2301 hoc
317 2259 375 2320 pso
406 2238 507 2318 Quum
534 2241 585 2301 uis
612 2238 729 2302 uiuum
758 2239 868 2322 potius
897 2239 1044 2322 accipias.
1092 2239 1201 2304 Aliam
1232 2239 1273 2302 ob

127 2366 284 2428 caussam,
308 2349 345 2408 ut
367 2344 400 2408 id
424 2344 485 2410 hac
508 2346 752 2429 opportunitate
777 2368 935 2429 moneam,
959 2369 1023 2411 non
1047 2346 1110 2411 huo
1133 2346 1275 2431 pertinet

125 2473 154 2513 v.
180 2450 242 2515 779
273 2451 370 2515 Discit
395 2453 576 2534 potrc'che
604 2454 650 2530 id,
681 2475 753 2516 cum
787 2453 825 2516 de
855 2453 929 2538 lege
960 2457 1164 2536 paroxytona
1194 2454 1274 2517 fiant

125 2558 308 2642 composita
324 2560 518 2641 patruoque,
540 2560 682 2644 metu-occ,
705 2560 829 2625 oderice:
853 2560 937 2624 unde
960 2582 1000 2623 ne
1024 2560 1121 2624 odco‘o
1144 2559 1272 2643 quidem

126 2665 297 2730 dicendum
325 2671 375 2730 est
399 2666 432 2730 iu
456 2666 572 2731 ultima
594 2670 724 2753 praeter
747 2668 908 2758 rationem
931 2668 1012 2731 acui.
1059 2666 1272 2750 Quamquam,

125 2773 162 2834 ut
184 2771 279 2855 plene
302 2771 365 2837 hoc
388 2793 489 2857 genus
513 2773 694 2857 definiatur,
718 2773 779 2838 hoc
798 2772 980 2838 addendum
1000 2777 1059 2856 cst,
1082 2795 1148 2837 non
1167 2772 1271 2857 magis

124 2877 217 2962 hacc,
244 2902 341 2963 quam
365 2902 447 2966 quae
470 2903 569 2964 supra
596 2881 806 2945 tractavimus
835 2880 968 2946 elisione
997 2880 1157 2963 breviata,
1184 2883 1272 2943 certa

123 2986 317 3051 necessitate
349 2987 432 3073 regi,
465 2987 521 3052 sed
553 2987 691 3052 liberum
724 2987 826 3052 fuisse
858 2988 964 3072 poetis
997 2991 1104 3052 utram
1137 2986 1271 3051 acuendi

124 3093 285 3158 rationem
314 3095 395 3158 inire
424 3095 553 3159 vellent.
603 3093 717 3178 ltaque
746 3100 779 3159 et
806 3097 962 3178 occtuoquc
992 3080 1059 3177 hoc,
1089 3094 1202 3158 ‹iclcooe
1231 3096 1271 3175 id,

119 3201 334 3281 priueecmdum
357 3201 505 3284 duculum,
528 3202 797 3283 cirmimspimdstm
821 3200 871 3284 (ut
890 3201 980 3266 Trin.
1002 3200 1078 3287 146)
1103 3206 1135 3266 et
1158 3201 1271 3266 metud-

122 3327 180 3388 que
205 3306 273 3384 hoc,
304 3308 417 3371 alenae
443 3309 489 3385 iu,
517 3309 733 3390 primumdum
765 3310 862 3391 odeat,
895 3310 1166 3390 circuompicedum
1198 3330 1271 3372 cum

123 3412 340 3498 similibus**)
372 3416 624 3497 pronuntiarunt
653 3416 815 3479 arbitratu
844 3415 989 3500 suo.***)
1018 3453 1061 3460 -
1090 3412 1152 3477 Sed
1181 3414 1266 3498 quod
1283 3441 1376 3482 ooxxr

229 3660 255 3730 *)
273 3661 347 3715 Nam
365 3660 394 3715 iu
412 3662 516 3717 talibus
535 3665 661 3733 apertum
681 3665 725 3718 cst
743 3665 782 3731 (et
799 3662 924 3732 apertius
943 3660 1028 3716 etiarn
1048 3660 1121 3715 infra
1140 3662 1198 3726 fiet)
1216 3679 1267 3730 pro

123 3750 216 3805 iambo
236 3767 304 3818 esse,
322 3767 379 3806 non
397 3767 447 3821 pro
466 3752 589 3822 spondeo
608 3753 687 3806 illaec
710 3753 781 3806 istuc
799 3769 862 3805 cum
882 3747 1009 3820 cognatis
1028 3749 1133 3806 formis.
1154 3782 1188 3790 -
1208 3751 1267 3805 Nec

122 3856 188 3894 vcro
207 3839 396 3910 interpunctio
419 3844 483 3909 post
506 3841 574 3894 duas
598 3841 696 3894 breves
715 3841 751 3894 ab
770 3838 851 3895 initio
870 3839 993 3907 syllabas
1011 3838 1063 3894 illa
1082 3843 1159 3894 caret
1178 3856 1270 3895 crem·

122 3929 184 4009 plis.
224 3928 334 3983 Similia
352 3931 417 3982 sunt
434 3929 510 3984 Trin.
530 3949 555 3985 v.
577 3935 628 3983 170
646 3929 757 3998 Lupus:
782 3930 949 3996 obseruauit,
967 3948 993 3984 v.
1013 3936 1065 3984 524
1084 3930 1189 4000 Apcpe.
1215 3928 1268 3984 ST.

120 4019 301 4084 Aclrenmtis,
323 4016 382 4071 Mil.
404 4018 450 4087 IV,
474 4025 500 4084 3,
525 4023 557 4071 18
587 4017 662 4088 Quid
684 4017 730 4072 is?
758 4019 854 4087 ecquid
873 4063 878 4074 .
899 4061 904 4072 .
926 4060 931 4072 .
951 4017 1011 4073 Nec
1036 4018 1172 4073 dissimile
1192 4018 1267 4072 Trin.

122 4127 148 4163 v.
169 4113 221 4164 818
242 4108 364 4161 Mittam.
385 4107 442 4162 CA.
462 4110 491 4162 ἑο
510 4124 556 4176 epo
576 4150 581 4161 .
602 4147 608 4161 .
629 4151 635 4162 .

211 4195 252 4265 *ἢ
271 4196 323 4268 [Cf.
344 4196 445 4265 Opusc.
465 4196 534 4265 phil.
554 4197 578 4250 ll
596 4215 623 4266 p.
645 4195 720 4267 568]

194 4285 251 4355 ***)
274 4285 339 4340 Νοιι
362 4284 461 4356 ignoro
484 4285 552 4355 quid
575 4286 610 4340 dc
633 4288 764 4340 accontus
788 4284 952 4340 diversitate
971 4286 1038 4340 odeo
1057 4284 1135 4339 vorbi
1154 4287 1184 4340 et
1200 4286 1268 4339 odeo

123 4375 278 4445 particulos
300 4374 360 4429 sive
378 4375 478 4430 Festus
501 4375 559 4431 sivo
579 4375 692 4430 Paullus
710 4375 818 4431 tradat:
842 4374 917 4442 quod
941 4373 1053 4443 quidem
1078 4391 1173 4428 eorum
1192 4375 1267 4443 ipso·

123 4484 184 4521 rum
203 4468 351 4536 poetarum
370 4466 506 4534 exemplo,
533 4464 582 4533 qui
600 4464 675 4520 vitae
695 4482 746 4519 asu
764 4464 912 4533 probatem
931 4463 1186 4535 pronuntiationem
1204 4464 1268 4517 sunt
