2940 5004
799 1290 872 1372 XI.

526 1461 606 1544 Duo
634 1463 924 1563 programmata
951 1462 1146 1546 Plautina.

822 1783 845 1848 I.

295 1926 522 1993 CANTICVM
547 1925 741 1990 POENVLI
764 1925 1019 1991 PLAVTINAE
1043 1925 1383 2018 mormNDATvmfp

224 2145 261 2184 m
352 2122 529 2188 Pristinam
553 2122 816 2186 consuetudinem
840 2122 999 2207 quandam
1022 2123 1206 2207 recolimus,
1231 2148 1309 2190 curn
1329 2150 1412 2192 scae

264 2253 339 2295 nam
365 2230 549 2303 Plautinam
573 2231 665 2294 vobis
689 2230 971 2315 proponimus**),
995 2231 1199 2296 emendatam
1225 2231 1322 2296 illam
1346 2234 1411 2317 qui-

371 2441 397 2510 *)
418 2441 607 2513 [Prooemium
626 2440 726 2496 indicis
745 2442 903 2496 scholarum
917 2441 1105 2497 Bonnensium
1123 2442 1310 2499 hibernarum
1328 2461 1411 2499 anno

265 2549 326 2585 rum
345 2544 553 2588 croroocoavnr
571 2534 601 2585 et
618 2531 691 2601 mx]

187 2604 190 2611 ’
353 2619 396 2688 **)
416 2620 617 2690 [Proposuerat
643 2619 814 2674 ltitschelius
842 2618 986 2674 Plautinas
1014 2636 1128 2674 scaenas
1157 2620 1258 2676 Militis
1288 2621 1411 2692 gloriosi,

264 2707 410 2773 Pseuduli‚
434 2707 694 2775 Menaechmornm‚
718 2707 908 2763 Mostellariae
932 2708 1094 2763 emendatas
1113 2727 1164 2765 nec
1182 2712 1282 2765 tamen
1301 2712 1411 2781 plenius

265 2800 407 2854 enarratas
425 2796 454 2851 in
472 2797 623 2865 prooemiis
641 2797 765 2853 indicum
785 2798 870 2854 schol.
885 2797 1035 2853 Vratislav.
1055 2801 1123 2854 aest.
1144 2806 1222 2868 1839,
1241 2799 1335 2855 Bonn.
1355 2800 1411 2855 hib.

267 2891 383 2956 1850s'61
408 2887 438 2940 et
457 2890 588 2957 mersat,
618 2889 687 2942 aest.
710 2891 785 2942 1851.
824 2887 946 2953 Quorum
974 2890 1168 2957 argumentum
1192 2905 1257 2944 cum
1286 2889 1317 2943 in
1336 2890 1410 2960 ipsas

265 2976 378 3031 illarum
396 2973 554 3030 fabularum
577 2974 713 3030 editiones
732 2977 875 3045 receptum
894 2976 943 3045 sit,
971 2976 1141 3032 Ritschelius
1160 2994 1194 3032 ea
1214 2977 1242 3031 in
1264 2978 1408 3049 opusculis

265 3064 393 3121 iteranda
424 3079 480 3117 non
512 3063 621 3117 curavit
652 3064 697 3131 (ci.
727 3064 827 3133 Opuso.
857 3065 881 3117 ll
909 3063 997 3134 praei.
1025 3083 1054 3135 p.
1082 3070 1161 3135 xxrl:
1199 3068 1286 3137 primi
1315 3070 1409 3123 tamen

264 3154 377 3209 illorum
409 3152 662 3223 programmatum‚
689 3151 764 3221 quod
797 3151 872 3206 idem
900 3153 973 3207 inter
997 3153 1229 3210 Vratislaviensia
1257 3157 1315 3211 fuit
1345 3157 1406 3211 nlti-

266 3259 356 3310 mum‚
381 3239 584 3311 praefationem
606 3240 867 3310 perorationemqne
890 3241 963 3296 infra
986 3242 1096 3314 scripsi,
1120 3243 1225 3314 qnippe
1246 3245 1408 3300 etiamnunc

239 3330 343 3385 electu
360 3329 436 3385 haud
454 3327 620 3383 iniucundas
638 3328 720 3384 visas.
759 3329 787 3383 C.
807 3329 864 3402 W.]
904 3329 1017 3385 ‘Grave
1036 3331 1140 3386 accidit
1158 3334 1187 3386 et
1205 3334 1409 3403 propemodum

265 3418 399 3486 nimium,
425 3417 499 3486 quod
523 3417 552 3471 in
576 3417 639 3488 ipso
663 3417 785 3472 discessu
808 3419 838 3472 et
861 3417 934 3473 inter
957 3436 1079 3474 summas
1098 3421 1195 3475 turbas
1214 3421 1311 3477 officio
1331 3423 1409 3476 satis·

266 3509 358 3564 facere
376 3507 505 3562 iubemur
523 3507 590 3562 olim
609 3506 816 3575 iucundissimo,
835 3507 883 3562 sed
903 3507 949 3562 cui
966 3524 1039 3562 nune
1053 3525 1118 3563 vere
1132 3509 1200 3564 satis
1214 3510 1277 3564 fieri
1291 3511 1341 3565 vix
1355 3511 1409 3566 ullo

266 3597 350 3653 modo
369 3595 466 3667 possit.
503 3597 576 3651 Nam
594 3613 658 3651 cnm
676 3598 802 3651 nostrum
821 3596 871 3665 sit,
891 3595 991 3666 quibus
1009 3597 1079 3652 hacc
1099 3599 1164 3651 sunt
1181 3598 1330 3667 prooemia
1349 3617 1410 3655 con·

266 3686 418 3755 diruenda,
445 3702 502 3741 non
526 3685 608 3741 modo
632 3685 787 3740 studiorum
811 3684 977 3740 industriam
1001 3685 1080 3741 vobis
1102 3686 1300 3742 commendare
1325 3691 1356 3744 et
1378 3689 1411 3742 sd

219 3807 221 3810 v
266 3780 409 3831 strenuum
433 3791 528 3829 earnm
552 3792 621 3845 quas
644 3775 718 3830 inira
736 3775 842 3844 positas
861 3775 962 3830 videtis
981 3775 1140 3830 scholarum
1158 3794 1239 3830 usum
1260 3777 1411 3844 cohortari,

267 3864 316 3918 sed
340 3863 426 3919 etiam
449 3862 557 3932 aliquid
576 3863 759 3930 recondimus,
788 3862 862 3931 quod
882 3863 918 3917 ad
937 3862 1045 3918 litteras
1064 3858 1142 3935 ipsas
1160 3867 1283 3935 spectet,
1312 3886 1410 3938 propo·

266 3971 345 4009 nere:
364 3952 496 4024 quoniam
519 3956 549 4008 et
567 3953 625 4008 otio
646 3970 771 4007 caremus
791 3954 819 4006 et
837 3951 972 4007 librorum
991 3952 1174 4022 supellectile,
1194 3954 1268 4008 nihil
1287 3954 1348 4011 iere
1366 3974 1410 4012 no

267 4043 310 4097 bis
329 4042 457 4097 relictum
476 4042 676 4113 intellegimus,
694 4040 749 4095 nisi
763 4043 795 4095 ut
809 4040 955 4095 materiam
969 4042 1062 4111 potius
1077 4040 1177 4096 virium
1194 4044 1412 4100 exercendarum

268 4131 348 4188 vobis
368 4132 521 4199 tradamus,
541 4148 625 4201 quam
644 4130 673 4184 in
692 4129 860 4186 floridiorem
879 4131 972 4184 locum
990 4130 1113 4199 aliquem
1133 4130 1270 4187 deductos
1285 4134 1413 4191 uberiore

267 4220 407 4274 rationum
432 4218 606 4288 expositione
629 4218 685 4289 ipsi
702 4217 889 4273 instituamus.
926 4218 1155 4288 Exprompsimns
1174 4218 1264 4291 igitur
1283 4239 1319 4277 ex
1339 4226 1414 4279 eche

268 4308 341 4362 dulis
367 4326 433 4363 casu
456 4306 546 4378 magis
575 4325 660 4376 quam
689 4306 805 4362 consilio
828 4307 946 4361 servatis
969 4306 1130 4361 Plautinum
1159 4326 1291 4365 scaenam
1316 4314 1415 4369 Militis

269 4395 385 4466 gloriosi
404 4398 442 4465 11,
461 4403 478 4450 4
496 4413 547 4467 pro
566 4396 641 4451 virili
660 4398 739 4466 parte
759 4396 873 4452 anobis
892 4396 1083 4452 emendatam:
1102 4414 1220 4466 quarum
1241 4403 1415 4459 emendatio·
