2986 5010
262 353 328 420 462
550 370 810 419 aaouacousua
836 368 882 417 oa
907 369 1116 419 asrrorravs

105 542 248 582 (ωνω
263 518 440 582 substituto
473 516 549 581 critct
579 538 670 598 aqua.
700 554 741 562 —
773 516 889 581 Restat
926 521 961 580 ut
998 515 1037 580 de
1072 515 1420 599 hyperdisyllabis

262 629 445 709 quaeratur.
487 622 645 706 Quorum,
668 627 705 687 ut
728 623 868 687 breviter
891 622 1006 706 dicam,
1030 623 1169 686 similem
1193 622 1226 686 in
1250 623 1348 687 brevi
1374 623 1419 687 ul·

261 733 342 796 tima
366 736 532 796 accentum
557 754 596 795 ea
617 735 744 796 tantum
768 736 968 815 receperunt,
991 753 1073 815 quae
1092 753 1158 795 non
1178 731 1418 815 paenultimam

262 844 399 922 tantum,
419 839 591 902 sedetiam
612 839 922 921 antepaenultimam
943 839 1073 903 brevem
1092 838 1259 904 haberent.
1293 838 1419 914 Quam-

262 968 358 1029 quam
383 945 595 1010 atrochaicis
619 945 749 1030 quidem
773 947 938 1010 vocabulis
964 945 1075 1010 eadem
1100 946 1198 1010 ctiam
1222 947 1289 1010 alio
1310 945 1418 1028 ipsius

262 1052 399 1115 rationis
427 1053 612 1117 discrimine
640 1053 772 1117 distant.
817 1052 903 1118 Nam
928 1054 956 1117 si
977 1054 1118 1136 propitiat
1145 1056 1275 1136 praeter
1296 1052 1418 1135 princi·

262 1159 370 1241 palem
394 1181 488 1223 suum
517 1160 550 1222 in
568 1180 628 1240 pro
657 1164 824 1223 accentum
853 1157 998 1246 (quando
1027 1160 1111 1224 hunc
1135 1180 1204 1222 esse
1228 1158 1417 1242 legitimum

263 1288 362 1348 supra
381 1263 535 1349 diximus)
556 1266 694 1330 alterum
713 1267 814 1330 habet
832 1267 1066 1351 secundarium,
1085 1266 1160 1351 quid
1181 1265 1307 1350 patitur
1327 1266 1416 1330 aliud

263 1374 327 1438 nisi
356 1373 563 1457 quodetiam
585 1374 725 1438 machil
752 1377 785 1436 et
814 1373 945 1457 similia,
974 1395 1056 1458 quae
1084 1373 1160 1457 quia
1187 1373 1259 1456 ipso
1284 1373 1415 1436 ambitu

264 1501 321 1543 suo
346 1479 440 1543 unius
463 1480 554 1563 pedis
574 1502 758 1544 mensuram
777 1478 943 1563 excedunt,
966 1481 1000 1544 in
1020 1481 1165 1544 versibus
1183 1501 1252 1544 non
1272 1483 1415 1562 possunt

262 1608 328 1652 non
351 1587 461 1671 plures
484 1591 637 1652 accentus
666 1587 832 1670 recipere?
878 1585 991 1671 ltaque
1019 1586 1102 1650 nihil
1131 1586 1263 1651 molesti
1286 1589 1416 1650 veteres

263 1694 297 1758 in
330 1694 381 1758 his
414 1700 586 1759 senserunt
618 1692 705 1758 Triu.
734 1694 808 1759 852.
845 1693 914 1759 Mil.
941 1693 986 1775 ΙΙ,
1014 1695 1049 1776 2,
1076 1696 1105 1758 2.
1141 1692 1218 1777 [lll,
1251 1699 1282 1777 l,
1315 1692 1412 1778 25*)]

263 1800 351 1864 Trin.
376 1802 456 1866 837:

353 1919 485 2008 lllrtricd
507 1944 606 2008 facies
629 1943 759 2007 uidetur
820 1996 826 2008 .
886 1996 892 2008 .
938 2028 942 2038 A
953 1994 1364 2008 .......

361 2069 507 2134 Videras
530 2070 690 2158 alienum
704 2091 764 2154 ego
790 2075 900 2133 nostra
953 2121 1365 2133 .......

355 2169 495 2272 [όόίεενέ
513 2216 617 2278 neque
641 2195 673 2257 te
697 2193 813 2259 decora
883 2243 1363 2258 ........
1376 2197 1385 2273 Ι

354 2319 459 2383 Rdere
490 2324 673 2401 antemnas,
705 2316 851 2383 scindere
882 2320 967 2383 uela:
1000 2317 1037 2382 ni
1065 2342 1127 2402 pax
1154 2319 1297 2401 premas
1330 2320 1418 2385 soret

1063 2447 1203 2527 praesto.

265 2586 350 2651 Nam
374 2588 458 2671 quod
482 2587 598 2652 horum
622 2588 737 2652 ultimo
762 2609 856 2652 versu
876 2590 1019 2671 oxytona
1038 2586 1151 2651 vorin
1171 2588 1314 2670 septimo
1334 2589 1417 2672 pede

265 2699 329 2759 est:
357 2695 572 2778 reputandum
601 2699 651 2758 est
674 2696 877 2759 octonarium
900 2717 984 2778 essa,
1008 2694 1093 2779 quod
1116 2715 1218 2779 genus
1243 2696 1416 2760 severiori-

265 2804 325 2867 bus
341 2803 596 2886 septenariorum
611 2803 739 2887 legibus
759 2803 871 2867 multis
890 2803 924 2866 in
942 2802 1039 2866 rebus
1058 2801 1200 2867 solutum
1220 2807 1283 2867 est:
1305 2824 1418 2887 quern-

265 2908 437 2974 admodum
465 2931 567 2992 parvo
590 2909 763 2974 intervallo
788 2910 829 2973 ab
859 2908 916 2973 illo
939 2908 1065 2974 distans
1088 2910 1275 2973 octonarius
1301 2933 1329 2975 v.
1350 2911 1416 2974 827

265 3018 363 3080 etiam
383 3017 418 3080 in
437 3016 551 3100 quinto
571 3016 651 3101 pede
669 3017 770 3080 habet
786 3018 986 3097 usquemodo
1004 3023 1040 3080 ut
1056 3017 1159 3082 uolui:
1182 3022 1281 3100 atque
1301 3023 1418 3082 neuter

265 3126 311 3188 ita
334 3129 370 3188 ut
394 3124 490 3188 binae
513 3122 626 3188 breves
646 3123 892 3207 subsequantur.
930 3123 1036 3199 Quid?
1060 3123 1144 3208 quod
1164 3123 1325 3188 tribrachi
1345 3124 1417 3208 qui·

266 3229 339 3294 dem
366 3231 470 3296 maior
500 3252 596 3314 quam
624 3229 769 3294 trochaei
798 3230 993 3294 volubilitas·
1013 3252 1052 3293 ne
1080 3231 1113 3294 in
1143 3231 1322 3314 septenarii
1348 3232 1417 3315 qui-

267 3338 339 3402 dem
363 3342 455 3404 sexto
479 3337 559 3421 pede
582 3336 748 3420 displicuit
770 3359 798 3401 v.
823 3337 900 3401 906:

133 3513 250 3553 mm
355 3478 478 3565 Capere
506 3480 604 3544 soleo.
655 3477 739 3555 Quid
767 3484 818 3543 est
846 3479 873 3543 ei
899 3479 951 3560 [cf.
976 3504 1005 3564 p.
1029 3480 1107 3560 364]
1132 3479 1274 3545 nomen?
1322 3481 1417 3558 Quod

905 3587 1007 3667 αὶῳόί
1029 3584 1155 3651 homiui
1173 3587 1289 3670 probo.

267 3728 390 3794 Contra
413 3733 531 3807 auteur,
556 3733 653 3812 atque
677 3730 710 3792 in
734 3729 800 3792 illis
824 3728 956 3812 factum,
978 3728 1113 3793 ultimae
1137 3728 1287 3812 syllabae
1311 3732 1417 3796 inten-

266 3837 387 3901 tionem
424 3858 496 3900 cum
533 3836 712 3920 dactylicae
750 3857 844 3901 voces
877 3835 927 3899 vel
961 3836 995 3899 in
1028 3836 1190 3918 dactylum
1228 3835 1417 3903 desinentes

336 4084 363 4154 *)
382 4084 435 4153 [Of.
453 4101 517 4141 ann.
537 4084 665 4138 adhunc
685 4084 722 4151 v.]
760 4082 815 4137 Sed
839 4083 962 4138 eiusdem
985 4083 1097 4137 fabulae
1116 4083 1163 4149 Ill,
1186 4090 1209 4151 1,
1229 4089 1264 4137 39
1282 4071 1420 4156 'experior

265 4189 317 4227 nac
336 4173 514 4227 choriambus
532 4189 584 4227 nec
603 4189 693 4242 paeon
712 4172 818 4241 primus
838 4188 897 4227 esse
916 4176 1024 4242 potest:

404 4279 455 4334 Pol
474 4279 503 4332 id
522 4280 635 4348 quidem
654 4279 781 4348 experior
800 4279 842 4334 ita
860 4296 920 4334 csse
958 4319 1420 4340 ...........

267 4385 321 4439 Vbi
340 4385 403 4440 vids
422 4404 488 4440 num
506 4386 546 4440 sic
565 4386 709 4455 scripserit
727 4388 824 4456 poeta:

407 4492 456 4545 Pol
475 4469 504 4546 id
524 4492 651 4562 experior
670 4492 798 4560 equidem
817 4494 858 4547 ita
876 4510 935 4549 esse
956 4535 1420 4556 ...........
