2918 5004
256 333 321 399 656
635 348 867 398 aaramiscnn
890 350 1016 398 annau.

252 478 313 558 nos
336 494 521 559 existimare
544 496 601 558 aut
624 496 756 558 eventus
780 493 875 557 docet
898 496 955 557 aut
976 494 1140 558 contrarii
1172 494 1316 578 generis
1340 517 1417 559 com·

253 599 392 684 paratio.
428 598 542 684 Itaque
561 620 578 662 e
597 602 690 663 tantu
707 619 816 663 rerum
834 598 1076 682 praeclararum
1095 601 1285 686 varietate,
1311 602 1416 686 quibus

252 706 497 792 Angustissimi,
517 706 607 771 cuius
627 705 819 771 memoriam
837 704 1021 790 recolimus,
1040 705 1149 792 Regis
1166 708 1282 774 virtus
1299 710 1415 791 enituit,

254 835 326 878 cum
349 813 482 898 dignum
509 814 656 879 oratione
680 819 909 898 argumentum
933 835 1183 898 quaereremus,
1208 816 1410 881 commodum

253 921 288 985 in
314 925 456 985 mentem
486 922 574 986 veuit
602 922 765 987 decantati
794 943 871 986 sane
901 920 1216 1008 apophthegmatis,
1249 925 1309 989 sed
1338 923 1410 1008 quod

254 1050 366 1092 omnes
390 1051 541 1094 numeros
565 1030 713 1095 veritatis
737 1029 869 1113 habeat,
893 1051 956 1114 quo
979 1027 1250 1116 uniuscuiusque
1275 1030 1407 1095 indolem

254 1135 403 1199 iubemur
426 1135 526 1200 exiis
546 1155 751 1220 cognoscere,
773 1135 891 1219 quibus
911 1135 1052 1200 maxime
1071 1134 1165 1201 vitae
1186 1137 1408 1202 consiliorum·

253 1263 315 1326 que
346 1242 443 1307 sociis
473 1246 594 1307 utatur.
641 1242 734 1318 Quod
764 1242 893 1327 quidem
924 1243 957 1307 in
984 1242 1177 1327 principum
1208 1265 1281 1309 non
1312 1243 1405 1307 minus

217 1372 238 1412 v
252 1369 350 1431 quam
373 1347 408 1411 in
431 1348 632 1432 privatorum
656 1348 823 1413 hominum
843 1348 985 1413 rationes
1005 1347 1103 1430 cadit,
1129 1371 1241 1434 eoque
1262 1350 1404 1414 maiorem

251 1453 320 1518 illic
347 1455 414 1519 vim
441 1454 553 1539 habet,
581 1477 644 1539 quo
674 1459 707 1519 et
733 1456 865 1541 gravior
892 1455 1057 1540 regiorum
1084 1455 1311 1539 potissimum
1339 1458 1404 1521 ami·

251 1584 362 1627 corum
392 1563 570 1628 auctoritas
599 1567 632 1628 et
659 1585 736 1628 vero
761 1562 935 1627 eorundem
958 1561 1215 1647 deligendorum
1242 1565 1402 1629 arbitrium

252 1669 315 1752 ipsi
344 1670 479 1753 principi
506 1670 649 1734 liberius.
695 1670 804 1753 Atque
831 1669 945 1733 habite
971 1672 1021 1734 est
1048 1668 1132 1733 haec
1162 1692 1301 1756 semper
1321 1694 1401 1757 prae

252 1775 347 1858 cipua
378 1797 454 1859 pars
487 1776 666 1860 sapientiae
698 1775 880 1840 Famnmcr
909 1775 1099 1859 vannnr,
1132 1777 1242 1861 quod,
1274 1801 1344 1843 cum
1374 1779 1402 1841 in

252 1882 460 1967 semetipse,
484 1906 548 1969 qua
571 1886 642 1947 erat
665 1883 862 1963 verecundia,
880 1905 1019 1967 summa,
1052 1906 1170 1968 parum
1210 1908 1311 1971 saepe
1333 1885 1401 1949 fidu·

253 1990 322 2056 ciae
355 1989 544 2074 collocaret,
576 1988 610 2054 id
641 1989 698 2054 ille
731 1989 961 2054 detrimentum
994 1987 1036 2072 (si
1066 1988 1119 2054 fas
1151 1996 1207 2056 est
1240 1993 1401 2057 detrimen·

251 2100 321 2161 tum
345 2093 463 2183 dicere)
484 2098 531 2162 ita
550 2100 775 2180 compensaret
793 2095 1057 2178 luculentissime,
1080 2100 1118 2160 ut
1138 2097 1398 2183 intellegentias·

252 2227 378 2269 morum
417 2204 655 2288 eorundemque
691 2204 995 2269 honestissimorum
1031 2203 1178 2268 virorum
1219 2206 1400 2271 felicissimo

253 2311 377 2375 delectu
397 2311 536 2394 stipatus
561 2332 632 2375 esse
656 2333 728 2375 cum
747 2311 857 2395 eisque
877 2310 1124 2375 administrandi
1144 2311 1282 2397 imperii
1303 2313 1401 2378 munia

252 2416 491 2482 communicare
515 2418 621 2482 vellet.
659 2415 745 2483 Nam
770 2418 797 2482 si
821 2440 949 2482 summa
970 2417 1043 2481 laus
1067 2421 1129 2501 est,
1152 2440 1198 2483 ne
1223 2441 1321 2504 egere
1344 2419 1400 2505 qui·

252 2524 324 2588 dem
349 2523 454 2589 aliena
478 2545 547 2608 ope,
571 2523 603 2587 id
628 2524 713 2608 quod
737 2524 975 2610 quodammodo
999 2524 1077 2590 licet
1099 2525 1136 2589 in
1157 2525 1268 2592 divini
1287 2526 1397 2613 ingenii

252 2632 396 2716 principe
427 2630 590 2695 Fridcrico
620 2630 742 2715 Magno
775 2630 974 2714 praedicare:
1007 2634 1042 2694 at
1073 2652 1143 2695 non
1177 2634 1301 2700 ultima
1332 2634 1398 2698 haec
1452 2701 1453 2704 ,

253 2743 316 2824 est,
347 2739 447 2805 immo
481 2738 628 2822 proximo
663 2739 703 2803 ab
736 2737 794 2803 illa
826 2736 999 2802 intervallo
1031 2737 1175 2822 distans,
1208 2746 1261 2824 ut,
1295 2742 1398 2827 quibu

253 2866 363 2931 egeae,
396 2869 434 2911 ea
460 2846 531 2931 pari
559 2845 869 2930 circumspicientiae
898 2841 1073 2930 sagacitate
1102 2843 1233 2912 habeas
1264 2849 1321 2933 qui
1349 2848 1397 2911 tibi

252 2951 382 3017 aliunde
414 2953 531 3035 parias.
585 2951 630 3017 Et
662 2952 696 3016 in
729 2974 767 3018 eo
801 2952 930 3036 quidem
963 2973 1060 3037 quam
1093 2952 1220 3018 eximio
1255 2977 1394 3021 successu

251 3057 468 3125 Farnaarcvs
490 3057 697 3124 Gvrnanuvs
721 3058 948 3141 elaboraverit,
971 3080 1044 3123 cum
1067 3057 1139 3141 ipse
1164 3059 1230 3124 flos
1260 3065 1295 3126 et
1314 3062 1398 3126 robur

252 3166 396 3230 diuturni
433 3166 562 3250 imperii
601 3165 793 3231 documento
834 3169 899 3250 est,
939 3167 1009 3229 tum
1046 3163 1322 3247 splendidissima
1354 3190 1398 3232 no

252 3273 477 3338 minaeorum
500 3276 677 3356 testantur,
701 3293 781 3357 quos
804 3272 860 3335 ille
884 3272 1094 3337 consiliorum
1120 3271 1339 3340 administros
1360 3296 1397 3338 re·

252 3380 438 3465 gendaeque
470 3379 667 3465 reipublicae
693 3378 868 3463 participes
895 3378 1018 3444 ascivit.
1062 3376 1214 3453 Quorum
1241 3383 1395 3447 nominum

253 3486 492 3552 multitudinem
513 3487 800 3572 quotienscumque
824 3485 908 3569 apud
928 3484 1070 3549 animum
1095 3486 1327 3574 lustravimus,
1348 3488 1395 3553 etsi

252 3595 325 3660 aliis
350 3595 433 3660 alios
457 3595 635 3659 virtutibus
660 3592 850 3677 conspicuos
874 3591 1024 3658 admirati
1043 3613 1169 3678 sumus,
1194 3600 1309 3662 tamen
1328 3617 1394 3662 unus

253 3702 383 3787 quidam
406 3701 485 3766 adeo
510 3702 665 3767 excellere
688 3704 817 3784 praeter
846 3703 970 3765 ceteros
998 3721 1127 3783 semper
1157 3702 1252 3767 visus
1283 3708 1346 3788 est,
1368 3706 1395 3764 ut

236 3809 286 3873 'in
308 3809 475 3893 praeclara
497 3808 566 3872 eius
588 3807 730 3892 imagine
753 3828 930 3891 numquam
949 3827 1013 3871 non
1032 3827 1164 3871 summa
1185 3811 1220 3872 et
1240 3811 1394 3894 voluptate

253 3922 285 3980 ot
308 3915 515 3981 veneratione
539 3915 648 3979 oculos
677 3914 890 3978 definierimus.
936 3909 1035 3976 Cuius
1060 3912 1268 3999 simulatque
1291 3936 1394 3983 nomen

253 4022 377 4108 dixero,
404 4045 464 4087 nec
491 4022 585 4088 credo
613 4021 884 4086 inconsideratius
910 4021 1003 4084 -illum
1028 4019 1248 4103 potissimum
1278 4022 1393 4108 reliquis

253 4129 476 4214 anteposuisse
501 4128 681 4212 iudicabor,
710 4151 769 4194 nec
791 4127 1020 4192 irreverentius
1043 4125 1094 4190 his
1118 4128 1206 4210 ipsis
1232 4131 1274 4195 de
1298 4128 1391 4196 debito

252 4237 373 4302 honore
410 4236 584 4321 quicquam
620 4235 807 4300 detraxisse.
867 4234 946 4312 Quis
983 4237 1033 4300 est
1069 4232 1177 4318 enim,
1216 4240 1299 4323 quin
1335 4256 1393 4302 cum

253 4341 458 4408 lennnrss
477 4341 748 4409 anaonnru
768 4342 949 4408 clarissimo
968 4341 1109 4423 nomine,
1129 4348 1172 4407 ut
1190 4347 1307 4429 paucis
1326 4363 1393 4410 cour

252 4448 388 4534 plectar,
420 4454 454 4515 et
479 4451 641 4535 perfectae
668 4450 800 4515 virtutis
833 4449 1066 4534 cogitationem
1100 4452 1134 4513 et
1168 4473 1278 4538 prope
1309 4448 1393 4518 divini
