2948 5026
225 311 289 375 668
603 325 839 374 aararvrscnn
862 326 989 373 annau.
1165 329 1221 355 *a
1248 384 1250 387 ,
1279 398 1282 402 μ

224 471 451 535 litterarum
483 469 636 534 libertate
669 467 842 534 coniuncta
874 473 936 553 est,
968 469 1169 554 conspicitur
1202 472 1310 534 autem
1339 470 1367 533 in
1452 479 1453 527 ἴ

223 577 337 646 libera,
358 577 490 660 optione
519 576 750 661 magistrorum
780 575 835 661 qui
864 576 898 640 in
926 597 1045 640 vacuas
1073 575 1249 641 cathedras
1277 576 1369 640 maio·

223 706 295 748 rum
319 687 428 748 aetate
449 684 491 749 ab
515 684 596 767 ipsis
620 683 889 750 universitatibus
913 683 962 747 vel
993 682 1132 768 singulis
1156 704 1269 747 earum
1293 682 1368 747 ordi·

223 789 318 853 nibus
341 789 594 856 asciscebantur:
618 813 779 856 unacum
803 791 872 855 iure
892 788 1111 855 intercedendi
1130 789 1368 875 recusandique,

224 896 253 960 si
281 896 336 980 qui
365 897 486 961 invitae
513 897 720 962 universitati
747 896 1003 964 obtrudereutur.
1050 896 1112 963 Sed
1137 897 1201 963 hoc
1225 897 1369 983 attigisse

226 1004 306 1068 satis
329 1003 444 1087 habeo,
467 1008 581 1087 utpote
604 1003 691 1068 haud
714 1026 850 1069 vacuum
873 1003 1007 1069 invidia:
1030 1008 1136 1069 restat
1154 1004 1242 1069 enim
1263 1003 1298 1067 in
1315 1004 1370 1069 hoc

224 1129 354 1194 genere,
378 1110 463 1194 quod
487 1109 528 1175 ad
553 1109 803 1176 administrandi
826 1111 897 1176 iura
919 1111 1073 1195 pertinet,
1100 1111 1200 1196 longe
1229 1111 1369 1176 omnium

224 1217 455 1303 gravissimum
479 1217 576 1302 idque
598 1221 714 1284 nostra
736 1218 898 1285 sententia
916 1240 1028 1284 revera
1046 1218 1141 1283 triste
1161 1222 1195 1283 et
1214 1221 1370 1286 acerbum.

223 1324 355 1389 Etenim
388 1325 456 1408 qui>
475 1328 643 1410 tamquam
676 1326 765 1391 nervi
800 1330 875 1390 sunt
907 1329 939 1391 et
966 1325 1089 1390 radices
1117 1325 1187 1390 eius
1218 1327 1370 1412 corporis,

228 1430 313 1514 quod
333 1430 475 1496 civitatis
494 1433 624 1497 nomine
648 1431 859 1516 appellamus,
882 1432 1010 1497 eosdem
1030 1435 1166 1516 apparet
1183 1454 1250 1498 non
1272 1433 1369 1498 mino·

227 1537 270 1601 ris
295 1538 450 1602 momenti
470 1559 567 1622 posse
591 1538 631 1602 ad
655 1543 803 1624 vegetam
827 1538 929 1603 vitam
953 1560 1064 1603 earum
1088 1541 1370 1606 commimitatium

229 1665 308 1727 esse,
331 1666 412 1728 quae
436 1667 508 1710 eum
533 1647 674 1712 maxima
701 1647 760 1711 illa
786 1646 942 1711 societate
965 1646 1109 1710 humana
1131 1646 1241 1730 ipsum
1265 1668 1372 1730 corpo

226 1773 297 1815 rum
320 1774 439 1818 nomen
463 1752 671 1838 participant.
709 1752 861 1839 Cogitare
884 1774 936 1818 me
960 1751 1151 1836 intellegitis
1176 1751 1215 1816 de
1240 1754 1370 1817 aerariis

226 1856 419 1944 rationibus,
442 1882 523 1945 quos
547 1881 663 1925 nervos
686 1882 757 1925 esse
779 1882 888 1925 rerum
913 1859 1124 1946 gerendarum
1144 1857 1257 1923 dicunt
1275 1859 1370 1923 veris·

226 1964 317 2028 sime.
360 1965 426 2031 Eas
454 1968 510 2051 qui
538 1990 558 2032 a
586 1968 667 2033 bene
695 1970 875 2052 temperata
902 1967 948 2031 rei
976 1965 1124 2051 publicae
1152 1969 1241 2030 recte
1270 1970 1371 2031 semet

225 2071 435 2156 gubernantis
474 2074 756 2140 administratione
794 2075 962 2159 seiungere
998 2073 1165 2156 instituat,
1202 2094 1244 2136 ne
1280 2073 1370 2137 illum

225 2177 321 2241 risuri
345 2179 446 2245 simus
471 2185 504 2245 et
527 2182 666 2266 ineptire
690 2182 857 2247 credituri:
887 2184 921 2246 et
949 2184 1059 2245 tamen
1083 2201 1102 2244 a
1126 2180 1246 2244 summi
1269 2179 1369 2265 magi·

225 2287 347 2350 stratus
379 2286 554 2352 academici
585 2285 701 2352 officiis
732 2287 772 2352 ad
803 2286 1093 2352 administrandam
1125 2286 1369 2352 universitatem

228 2393 451 2476 spectantibus
472 2394 552 2459 adeo
572 2399 744 2480 segregata
762 2416 847 2460 nunc
865 2398 916 2460 est
934 2393 1107 2460 academici
1127 2394 1273 2459 aerarii
1297 2403 1370 2460 cura

227 2499 443 2584 quaelibet,
473 2504 598 2566 utnon
621 2501 717 2566 modo
741 2501 909 2566 consulere
942 2504 999 2565 aut
1030 2500 1215 2584 decernere,
1246 2501 1304 2566 sed
1331 2523 1369 2566 ne

226 2606 309 2671 scire
333 2607 464 2691 quidem
488 2607 660 2693 quicquam
684 2609 779 2674 eoin
803 2629 921 2694 genere
944 2630 982 2672 ae
1007 2607 1058 2672 vel
1083 2607 1184 2671 tacito
1211 2607 1280 2673 sive
1299 2632 1369 2694 pro·

224 2712 303 2778 bare
339 2714 406 2779 sive
433 2714 619 2799 improbare
646 2715 772 2781 licitum
796 2717 853 2799 sit,
879 2736 991 2780 verum
1019 2713 1214 2778 densissima
1240 2736 1369 2780 arcano·

224 2842 294 2885 rum
318 2821 457 2906 ealigine
485 2820 525 2886 iis
553 2820 648 2905 ipsis,
676 2842 813 2905 quorum
842 2821 980 2886 maxime
1008 2821 1143 2886 interest
1171 2841 1239 2885 non
1263 2843 1368 2886 caecu-

223 2928 296 3012 tire,
327 2929 437 2993 omnia
460 2929 615 2994 obvoluta
643 2928 709 2993 sint
736 2933 769 2993 et
797 2928 906 2994 dedita
935 2944 1034 3012 opera
1064 2926 1236 2994 occultata.
1285 2926 1369 3003 Quae

224 3057 320 3118 quam
344 3058 410 3102 non
434 3037 587 3102 salutaris
610 3035 755 3101 condicio
779 3036 832 3119 sit,
854 3057 919 3099 non
942 3035 1063 3118 poterit
1085 3056 1151 3099 non
1174 3034 1370 3120 intellegere,

224 3142 289 3225 qui,
303 3149 459 3225 quantum
478 3145 529 3228 sit,
542 3142 632 3229 quod
648 3165 687 3207 ex
710 3141 782 3205 illo
801 3141 1009 3227 potissimum
1024 3143 1113 3206 fonte
1134 3141 1168 3205 in
1184 3141 1262 3226 ipsa
1275 3142 1369 3207 animi

224 3247 319 3328 bona,
342 3248 408 3312 vim
431 3248 606 3335 doctrinae,
615 3232 647 3316 b
699 3270 807 3313 rarum
829 3249 1009 3332 commoda,
1030 3247 1187 3313 redundet
1207 3249 1371 3330 utilitatis,

223 3352 309 3436 apud
325 3374 359 3417 se
373 3356 586 3439 reputaverit:
600 3355 662 3423 hoo
677 3355 751 3424 esti
789 3377 827 3418 ea
841 3355 936 3438 bona,
946 3355 1064 3439 quibus
1079 3353 1236 3439 tutandis,
1252 3361 1370 3422 susten·

223 3459 341 3544 tendis,
356 3462 510 3543 augendis
522 3462 666 3529 eiusdem
679 3465 765 3531 illius
778 3491 811 3532 m
859 3461 990 3524 'stratus
1003 3460 1179 3526 academici
1194 3467 1290 3532 extra
1304 3485 1372 3529 eon·

224 3567 416 3633 troversiam
432 3569 594 3636 destinata
608 3576 684 3637 sunt
703 3573 817 3639 officia.
841 3577 846 3582 ’
908 3567 991 3634 viter
1011 3571 1044 3631 et
1061 3569 1253 3633 summatim
1270 3569 1371 3634 decla

222 3675 300 3760 ravi,
319 3697 375 3741 cur
395 3676 505 3762 paullo
525 3679 804 3762 magnificentiora
818 3706 895 3748 —u
948 3671 1077 3737 bissilm
1093 3674 1322 3758 fligmfioabam
1334 3712 1369 3723 -

223 3783 344 3849 abhoc
367 3805 500 3848 munere
524 3788 557 3849 et
577 3787 666 3871 posci
690 3789 724 3850 et
746 3792 925 3873 exspectari
950 3773 951 3776 Ἴ
987 3779 993 3791 ’
1023 3780 1029 3793 ’
1078 3781 1084 3793 ’

222 3890 340 3974 quibus
359 3892 448 3957 omni
468 3914 504 3956 ex
523 3896 616 3976 parte
635 3893 801 3977 explendis
820 3895 985 3967 hodierna«

221 4020 282 4084 par
307 4002 402 4064 esset.
446 3998 552 4086 Igitur
579 4000 655 4065 dum
686 4002 823 4067 laetiora
850 4027 1032 4097 speramus,

222 4105 342 4171 rectius
366 4105 547 4171 voluntas
574 4109 761 4192 spondetur,
791 4132 887 4195 quam
915 4111 1096 4187 facinor,v
1118 4098 1366 4177 Pf⁰mill¹111l1¹f³

222 4211 277 4275 sed
301 4234 457 4296 operam
481 4236 532 4277 me
557 4214 716 4301 daturum,
740 4220 776 4281 ut
799 4218 1021 4288 universitatis
1041 4250 1078 4294 00
1148 4199 1220 4283 θὼν
1239 4204 1363 4285 Palliie

222 4316 325 4400 salus,
356 4319 539 4385 litterarum
568 4322 627 4386 flos
657 4328 851 4408 augerentur
883 4329 917 4390 et
948 4331 1150 4413 amplificar.
1182 4326 1233 4386 Ψ)
1266 4307 1299 4368 ld
1329 4309 1360 4368 el

224 4423 316 4507 potui
337 4424 429 4489 salva
448 4426 508 4490 tide
528 4426 674 4493 adiurare
689 4432 723 4494 et
737 4431 825 4496 omni
839 4434 1077 4500 asseveratione
1092 4440 1177 4512 iteru
1349 4457 1356 4470 ’
