2940 5004
248 329 314 392 490
534 345 795 393 enonaecueun
819 345 866 392 nn
891 344 1103 391 aaaromavs

248 487 360 573 cerc*),
388 489 467 553 nrdlc
491 489 585 572 facie,
612 490 693 554 mclc
715 489 860 572 consulib,
888 487 943 551 ubi
967 487 1224 551 contrarietate
1249 492 1284 552 et
1307 488 1404 552 areale:

248 619 313 679 qua
335 599 444 660 tamen
466 598 548 661 mola
569 596 702 661 notione
726 596 825 659 semel
853 595 983 659 intensa
1006 616 1071 658 non
1094 616 1177 679 opus
1200 600 1275 660 erat
1298 595 1402 659 etiam

128 727 231 768 cctxn
248 703 350 768 altero
378 705 459 768 male
486 704 519 768 in
547 704 613 768 arsi
636 703 753 788 posito.
799 701 837 767 V.
862 703 926 767 676
950 702 1028 765 ferri
1051 703 1142 766 nullo
1165 702 1264 766 modo
1288 704 1403 787 potuit

246 812 280 876 in
308 811 394 875 thesi
422 812 582 875 elevatum
609 831 724 892 aquae:
753 810 834 874 Tum
858 811 953 892 triten
981 809 1039 873 tibi
1066 830 1164 890 aquae
1191 813 1253 873 erit
1274 813 1401 892 cupido:

247 917 303 982 ubi
327 939 399 982 cum
424 918 590 1002 oppositio
613 919 671 981 fiat
694 917 784 1002 ignis
807 920 840 980 et
858 937 971 999 aquae,
998 915 1203 980 scribendum
1222 920 1296 980 erat
1318 918 1400 982 Tam

246 1026 343 1107 icitur
374 1025 493 1106 ciqeccc
523 1026 583 1087 crit
613 1025 671 1088 tibi
701 1025 819 1106 cupida
865 1022 904 1086 V.
929 1023 993 1088 683
1026 1044 1044 1086 e
1075 1023 1180 1086 tribus
1213 1023 1400 1088 collocandi

247 1132 350 1196 modis
378 1155 461 1196 unus
488 1133 517 1196 is
545 1131 665 1197 rationi
693 1135 855 1217 repugnat
882 1152 978 1214 quem
1005 1129 1082 1195 libri
1109 1129 1336 1214 prodidenmt:
1363 1138 1399 1195 at

245 1242 296 1302 aad
316 1242 423 1305 nrcmto
445 1241 554 1324 edane
577 1262 653 1304 nam
677 1261 732 1303 cur
756 1238 861 1302 oderit
882 1237 1106 1321 Lesbonicum,
1128 1237 1180 1301 vel
1202 1259 1291 1302 nunc
1316 1239 1397 1303 satis

246 1369 380 1411 caussae
412 1347 516 1412 sorori
548 1352 611 1411 est:
651 1346 736 1430 quod
769 1347 835 1410 iam
868 1344 1046 1409 curandum
1078 1348 1128 1409 est
1157 1344 1253 1408 fratri
1287 1350 1326 1411 ut
1356 1369 1396 1410 ne

247 1436 376 1518 merito
394 1454 458 1518 sibi
487 1454 624 1518 accidat:
658 1454 810 1537 quocirca
842 1456 899 1516 aut
928 1452 1035 1515 tradito
1065 1456 1100 1515 ut
1128 1472 1176 1514 mc
1204 1452 1306 1516 oderat
1338 1459 1394 1518 aut

245 1560 356 1643 paullo
388 1558 566 1643 simplicius
595 1565 631 1622 ut
659 1561 767 1624 me‘rito
796 1580 844 1623 mc
872 1559 970 1623 oderit
998 1578 1070 1622 cum
1100 1556 1291 1624 Hermanno
1322 1583 1394 1644 pro

245 1667 395 1730 bandum.
441 1665 480 1729 V.
505 1666 568 1731 687
594 1666 791 1731 tralaticium
815 1667 958 1731 ordinem
983 1644 1084 1750 leue
1110 1686 1178 1731 ecem
1205 1667 1321 1749 aprum
1347 1689 1395 1732 ow

244 1775 352 1838 habere
373 1796 468 1857 ptam
492 1779 519 1839 tc
541 1776 669 1840 recusat
691 1775 899 1839 obscuratum
921 1796 975 1858 occ,
1001 1774 1086 1858 quod
1106 1773 1151 1838 sic
1171 1773 1394 1839 extollendum

245 1882 497 1964 pronuntiando:
517 1858 618 1963 A'tqsae
636 1903 704 1946 caeru
722 1884 778 1945 ond
791 1903 902 1964 cyrum
920 1881 1028 1946 batem
1045 1902 1139 1963 quom
1158 1876 1248 1965 tc.**)
1274 1879 1314 1945 V.
1331 1883 1395 1946 714

245 1993 278 2052 et
311 1989 402 2054 valde
434 1990 641 2054 invenustum
676 1992 727 2053 est
761 1991 794 2053 et
826 1989 904 2053 artis
938 2010 1051 2073 expers
1082 1988 1164 2070 quod
1194 2007 1298 2052 omem
1328 1992 1395 2070 erit,

244 2099 279 2160 id
300 2099 358 2160 erit
380 2102 480 2179 iuuere,
507 2097 557 2160 cui
588 2118 683 2160 nemo
711 2118 776 2160 non
805 2096 905 2160 sentit
933 2118 1030 2179 quam
1059 2098 1203 2178 praestet
1230 2096 1316 2177 qeaedd
1336 2098 1395 2160 erit

244 2206 345 2268 ancum
373 2206 467 2287 [quod
493 2208 623 2266 occureret
643 2200 772 2286 Trin.¹]‚
801 2204 835 2267 id
856 2206 915 2266 erit
937 2208 1032 2267 tuum.
1078 2200 1148 2265 Nec
1171 2201 1393 2268 defensionem

245 2311 344 2376 babet
367 2334 395 2375 v.
415 2312 479 2375 814
498 2310 640 2391 Adferre,
663 2311 726 2373 redu
745 2316 846 2392 petere
867 2309 917 2373 tto
939 2311 1071 2393 sedicet,
1095 2331 1159 2392 qua
1178 2309 1393 2375 collocatione

245 2417 306 2501 ipsi
334 2417 424 2481 nervi
452 2417 672 2502 infringuntur
700 2418 893 2502 sententiae,
927 2417 982 2500 qui
1010 2415 1244 2481 contrariorum
1271 2418 1393 2497 adscire

245 2528 278 2586 et
299 2529 401 2605 petere
428 2525 631 2608 oppositione
661 2527 880 2590 continentur:
911 2525 993 2589 unde
1021 2545 1038 2588 e
1067 2527 1220 2607 quattuor
1243 2523 1391 2588 ordinan-

244 2630 356 2693 dorum
380 2631 551 2694 verborum
574 2632 739 2714 exemplis,
763 2653 899 2715 quorum
923 2631 1048 2695 nullum
1072 2630 1301 2714 reiectaneum‚
1324 2654 1390 2695 ma-

244 2737 328 2800 xime
356 2737 521 2820 probabile
549 2737 742 2822 delegimus:
765 2740 888 2818 adferre
909 2738 971 2823 aa,
993 2739 1056 2802 oder
1078 2760 1109 2802 sc
1125 2738 1243 2819 potere:
1269 2739 1392 2818 adferre

243 2865 274 2907 se
299 2843 362 2926 bic,
389 2866 452 2907 erton
473 2846 590 2925 petere:
618 2847 749 2928 ‹rdferra
776 2847 840 2910 redo
857 2866 888 2910 sc
910 2846 958 2909 bic
975 2848 1092 2927 pc'terc:
1119 2844 1250 2925 adferre,
1274 2866 1338 2910 reon
1360 2867 1391 2909 se

237 2952 338 3033 pe‘tcrc
361 2949 490 3034 bic.***)
527 2952 674 3035 Denique
693 2953 758 3016 iam
778 2974 869 3016 meae
888 2975 938 3016 me
958 2953 1132 3016 modestiae
1156 2951 1303 3033 paenitet
1327 2974 1390 3035 qua

243 3081 271 3121 v.
291 3058 354 3121 857
376 3058 541 3141 servavi†)
561 3058 646 3142 quod
665 3059 699 3123 in
723 3059 814 3123 libris
838 3064 899 3122 est:
930 3035 968 3123 V't
990 3060 1042 3123 illc
1064 3079 1112 3122 mc
1138 3057 1316 3136 aeneae,
1344 3060 1390 3122 ita

242 3183 312 3226 aera
335 3164 470 3227 meritus,
511 3163 624 3248 Neque
648 3166 734 3230 enim
758 3165 820 3231 hoc
842 3167 922 3231 dicit
945 3167 1153 3251 sucophantas,
1177 3187 1242 3229 non
1266 3166 1331 3230 alio
1356 3188 1388 3229 se

243 3268 339 3332 modo
364 3274 513 3334 ornatum
537 3294 607 3335 esse
631 3295 728 3354 quam
752 3295 816 3356 quo
840 3274 881 3336 ab
912 3273 976 3351 illo*
992 3277 1165 3337 exornatus
1193 3273 1249 3355 sit,
1277 3293 1388 3336 verum

243 3374 305 3438 hoc
328 3376 449 3459 potius:
480 3377 531 3442 ‘ut
559 3401 609 3442 me
638 3383 788 3443 ornatum
817 3379 945 3462 videtu,
973 3380 1020 3442 ita
1044 3380 1090 3443 ab
1118 3379 1188 3443 illo
1213 3385 1388 3444 exornatus

243 3482 332 3545 sum'
356 3483 387 3547 h.
406 3506 432 3547 e.
456 3484 536 3548 ‘non
561 3508 650 3550 meus
675 3486 726 3550 hic
750 3490 883 3551 ornatus
907 3490 958 3551 est
981 3486 1037 3551 sed
1060 3487 1157 3570 illius,
1180 3490 1217 3549 ut
1240 3509 1314 3551 eum
1340 3508 1387 3551 or·

242 3593 355 3654 natum
380 3592 406 3654 si
430 3591 583 3675 vendam,
606 3593 698 3656 illurn
723 3616 741 3656 a
765 3615 828 3677 quo
853 3595 960 3678 accepi
984 3593 1076 3657 ludos
1100 3594 1218 3658 faciam
1242 3598 1276 3657 et
1299 3616 1388 3659 suco·

111 3732 228 3772 cem„
243 3698 416 3796 phantiose
435 3697 691 3763 circumduoam.'
724 3699 815 3774 Quod
835 3706 872 3764 ut
890 3700 1134 3785 intellegeretur
1153 3680 1295 3784 ombino,
1313 3701 1388 3765 huic

243 3805 347 3868 ordini
370 3805 443 3870 Ille
465 3807 511 3870 uti
534 3827 580 3870 mc
603 3808 767 3872 cicomcreit
785 3830 849 3871 non
869 3809 902 3871 in
921 3807 1131 3871 annotatione
1150 3811 1278 3871 tautum
1298 3808 1388 3872 locus

242 3912 427 3976 debebatur.
474 3911 597 3977 Contra
625 3913 756 3978 illorum
784 3914 944 3998 exemplu,
972 3936 1053 3998 quae
1070 3918 1158 3979 ¹sunt
1183 3916 1262 3996 qaid
1287 3937 1389 3998 wem,

349 4107 376 4173 *)
396 4107 484 4177 [Bene
502 4123 581 4175 quom
599 4108 714 4162 amalae
731 4108 820 4173 [dcere
838 4107 905 4160 anilii
924 4113 948 4160 te
967 4149 973 4160 .
993 4147 999 4159 .
1019 4106 1120 4178 Trinl]

331 4195 371 4263 *ἢ
392 4196 435 4265 [ln
454 4196 496 4252 ed.
516 4197 565 4251 alt.
585 4198 619 4252 de
643 4214 703 4251 eum
722 4197 841 4252 delendo
865 4194 1033 4250 Ritscbelius
1052 4195 1197 4265 cogitavit,
1216 4198 1249 4251 ut
1268 4217 1293 4251 v.
1315 4200 1389 4270 lou]

312 4284 369 4352 m)
389 4285 433 4356 [ln
457 4288 500 4341 ed.
519 4287 568 4341 alt.
593 4303 655 4341 eum
678 4286 858 4341 Fleckeiseno
881 4301 938 4340 non
960 4301 987 4339 ee
1005 4289 1096 4353 petere
1113 4285 1178 4339 binc
1197 4285 1322 4356 scripsit,
1342 4289 1390 4343 ad·

241 4371 320 4426 dens:
342 4372 405 4427 ‘vix
424 4374 517 4428 minus
537 4376 614 4429 recte
632 4392 689 4428 aaa
706 4391 734 4428 se
751 4375 815 4429 hinc
830 4380 920 4444 petere
938 4374 1100 4443 conloces.’]

348 4466 376 4528 †)
397 4461 539 4531 [Servavit
557 4463 726 4517 Ritecbelius
745 4464 830 4518 etiam
848 4465 877 4517 in
896 4463 939 4518 ed.
958 4463 1020 4534 alt]
