2986 5010
277 333 343 396 470
566 344 827 394 eaonnuourrs
850 344 897 391 ns
921 342 1132 391 ssrrosmvs

278 492 453 576 septenarii
477 491 631 556 habuere:
654 489 687 554 id
710 489 795 573 quod
819 487 944 553 duobus
964 486 1145 551 Trinummi
1170 485 1331 569 exemplis
1358 507 1435 568 pro·

278 601 376 701 batur
399 622 428 661 v.
451 598 525 662 370.
553 598 649 663 1039:

367 741 418 859 'gri
441 740 536 806 modo
558 760 598 804 ne
622 761 673 803 me
690 737 855 821 proeaees
878 736 1032 821 accipere,
1056 737 1084 801 si
1107 737 1183 821 quid
1206 736 1262 800 det
1286 735 1387 800 mihi:
1469 753 1473 763 ·

369 866 436 930 Eae
460 864 576 929 misere
600 865 698 930 etiarn
723 864 763 928 ad
782 863 932 945 parietem
955 866 1032 927 sunt
1053 860 1139 926 fixae
1163 860 1266 926 clauis
1290 861 1424 926 ferreis.

279 1010 356 1074 Plus
386 1031 464 1072 sane
493 1007 660 1072 molestiae
683 1006 795 1071 eodem
823 1006 858 1070 in
881 1005 953 1070 loeo
982 1004 1159 1069 admissum
1187 1003 1432 1069 choriambi-

279 1140 361 1182 oum
390 1115 582 1180 vocabulum
611 1118 711 1196 creat,
744 1114 799 1176 sed
827 1111 912 1177 idem
939 1117 1052 1176 tamen
1079 1112 1187 1176 minus
1215 1112 1430 1177 insuavitatis

278 1224 402 1288 habens
431 1244 527 1307 quam
556 1221 726 1305 oxytonesi
756 1225 886 1303 recepta
916 1219 1178 1303 pentasyllabum
1208 1218 1306 1283 huius
1339 1242 1430 1283 men-

280 1353 374 1395 surae
398 1373 413 1380 -
428 1338 554 1390 ύυυ-ἐ
588 1328 671 1393 unde
695 1327 831 1392 iudicari
854 1328 976 1411 poterit
998 1330 1108 1393 utrum
1132 1326 1296 1391 scribendi
1322 1348 1428 1391 exem-

279 1439 369 1521 plum
394 1460 422 1500 v.
448 1436 533 1500 1023
557 1439 712 1519 praestet:

370 1580 513 1656 Quorum
537 1601 620 1642 unus
643 1579 830 1661 surripuerit
853 1578 993 1642 currenti
1018 1577 1145 1643 cursori
1165 1578 1286 1663 solum,

281 1722 450 1798 accedente
475 1721 641 1805 spondisti
665 1719 773 1807 (unus)
798 1719 916 1785 duritie
939 1721 1162 1805 asperrimum,
1186 1743 1228 1785 an

370 1865 514 1942 Quorum
539 1863 647 1928 hercle
671 1886 753 1928 unus
776 1864 933 1946 surpaaere‘t
955 1864 1097 1928 ourre‘nti
1120 1862 1248 1930 cursori
1270 1865 1388 1931 solum.

281 2007 512 2093 Spondiaois
536 2011 646 2071 autem
669 2007 704 2070 in
728 2007 868 2071 seeundo
892 2007 972 2090 pede
996 2006 1129 2071 vocibus
1154 2028 1219 2070 non
1245 2008 1354 2093 magis
1380 2014 1429 2074 est

281 2116 371 2180 loeus
391 2136 559 2180 concessus
579 2136 676 2197 quam
695 2113 729 2177 in
748 2114 892 2178 senariis,
920 2114 995 2178 Non
1014 2118 1196 2198 repugnant
1214 2137 1243 2178 v.
1259 2115 1335 2180 619.
1350 2117 1430 2181 682:

369 2233 532 2322 Vlcisaare
558 2260 591 2320 et
613 2255 699 2321 mihi
722 2260 758 2320 ut
780 2257 853 2338 erpa
876 2260 908 2321 te
921 2307 1330 2321 .......

371 2364 423 2428 Me
446 2364 501 2447 qui
525 2365 644 2428 abusus
669 2365 740 2427 sum
764 2363 884 2428 tare-tam
907 2386 973 2427 rem
989 2415 1331 2428 ......

282 2511 318 2571 ut
336 2507 370 2571 in
390 2505 507 2591 quibus
526 2511 559 2570 et
576 2505 714 2591 erpitffi)
733 2509 766 2570 et
789 2505 1029 2592 matrimrem**)
1049 2507 1081 2570 vi
1105 2507 1235 2572 enolisis
1259 2506 1294 2571 in
1319 2508 1428 2591 trisyl-

283 2614 357 2678 laba
380 2615 573 2679 coalescant.
595 2614 705 2678 Vnum
724 2616 824 2679 nesam
842 2614 1048 2700 designatum
1067 2618 1117 2679 est
1135 2638 1165 2700 p.
1176 2632 1309 2680 ccxxlv
1324 2617 1429 2699 [459]‚

282 2721 369 2806 quod
397 2743 475 2785 sane
503 2721 669 2805 singulare
698 2726 749 2786 est
771 2722 914 2805 partium
937 2744 1003 2787 non
1026 2722 1280 2805 compositarum
1305 2745 1345 2788 ae
1366 2725 1428 2788 scio

122 2833 463 2893 ccxxxvmaooentum
483 2827 580 2892 etiam
600 2831 676 2911 post
693 2827 815 2892 factam
834 2828 1102 2912 compositionem
1122 2851 1277 2894 servasse.
1307 2829 1428 2895 Parum

282 2939 389 3002 autem
418 2934 633 2999 excusationi·
662 2937 812 3018 paratum
835 2958 905 3000 esse
928 2937 1036 3000 versui
1060 2937 1124 3000 679
1148 2937 1269 3020 sentio,
1298 2938 1427 3022 qualem

283 3065 301 3105 a
325 3042 358 3105 B
380 3042 544 3125 proditum
567 3065 640 3106 oum
664 3041 853 3107 Hermanno
878 3043 1017 3107 servavi:

372 3183 478 3248 Fa'oile
498 3184 677 3249 inuentust:
698 3185 792 3250 datur
811 3186 902 3267 ipais,
922 3186 1094 3250 tamenetsi
1114 3186 1155 3250 ab
1173 3185 1307 3252 inimice
1328 3191 1430 3271 petas.

284 3327 389 3404 Quare
424 3327 510 3391 haud
544 3327 610 3392 scio
641 3350 682 3392 an
713 3328 891 3393 consultius
923 3329 966 3393 sit
996 3351 1015 3392 a
1044 3328 1240 3413 reliquorum
1272 3330 1429 3396 librorum

285 3434 441 3500 memoria
454 3436 562 3500 Facile
580 3441 623 3501 est
640 3436 770 3500 irruersta
793 3435 954 3519 proficisci
979 3436 1020 3499 ad
1043 3437 1127 3501 hano
1151 3436 1292 3518 speciem
1316 3460 1430 3502 versus

284 3541 585 3605 commendandam:

337 3683 713 3769 Facilest***)inuent1i:
734 3685 829 3750 datur
842 3683 941 3770 ignis:
961 3684 1092 3750 tametsi
1112 3686 1152 3749 ab
1171 3684 1304 3750 inimico
1324 3695 1431 3772 petas:

286 3827 413 3911 quando
441 3847 501 3891 neo
530 3828 690 3892 molossus
714 3828 768 3892 ille
791 3830 920 3892 irascenti
943 3829 1087 3894 insolens
1111 3832 1242 3893 estnec
1266 3829 1431 3913 bisyilaba

286 3934 406 3998 tametsi
428 3930 610 4017 (tamquam
635 3938 698 3998 tam
720 3935 777 3999 etsi
801 3934 861 4013 [sia
884 3932 1013 4019 Trin.²])
1043 3936 1166 3999 formae
1190 3937 1431 4019 pronuntiatio:

392 4199 417 4266 ⁸)
437 4198 487 4268 [cf.
507 4198 577 4254 Nou.
597 4204 655 4254 exe.
675 4199 767 4255 Plaut.
787 4200 799 4253 Ι
817 4219 844 4270 p.
864 4207 898 4254 36
909 4201 961 4268 sq.]

376 4288 417 4355 **)
437 4286 509 4358 [Hoc
523 4304 552 4343 se
567 4288 611 4342 vix
628 4293 702 4345 reete
721 4306 867 4345 excusasse
886 4291 984 4358 postea
1002 4287 1110 4343 censuit
1123 4287 1295 4343 Ritaohelius
1317 4291 1370 4344 Me'
1386 4292 1435 4361 qai

287 4380 392 4430 tantam
411 4377 513 4430 abusus
531 4393 591 4431 eura
609 4394 664 4432 reon
682 4380 867 4447 transponens
885 4378 913 4430 in
933 4376 975 4431 ed.
996 4376 1058 4447 alt]

359 4463 417 4530 ***)
436 4463 533 4534 [Fa'cil
550 4471 588 4519 est
607 4465 704 4534 Trin.²,
724 4467 757 4520 ei.
778 4466 878 4534 opusc.
899 4464 968 4535 phil·
988 4465 1014 4518 11
1031 4483 1059 4534 P·
1078 4470 1138 4519 33¹·
1159 4467 1233 4537 452·]
