2986 5010
440 342 707 390 unuuosrrorus
730 342 939 389 resvrrrurn.
1198 326 1263 390 389

206 467 257 549 hd
272 486 413 571 papillas
429 488 544 551 maniis
558 486 651 568 ferat,
669 486 763 550 labra
777 487 796 550 a
811 485 912 550 labris
930 507 1091 569 nusquam
1110 485 1263 569 auferat)

207 592 291 657 Tum
314 592 394 657 mihi
420 596 497 659 sdnt
519 596 633 658 manius
656 590 853 677 inquinatae.
887 589 1051 668 Quidum?
1083 593 1167 669 Quia
1185 592 1262 657 ludo

938 699 1006 764 luto
1034 700 1096 765 —‘?

117 809 151 870 et
177 805 293 870 horum
321 806 426 890 primo
455 828 528 871 curn
556 805 771 891 pinguissimo
800 804 929 888 quidem
952 806 1263 890 proceleusmatico?

116 911 198 977 Tam
222 916 331 978 autem
355 914 437 978 mira
459 917 576 979 natura
598 913 660 978 hoc
683 914 791 996 ipsum
815 910 918 998 (utin
937 935 974 978 eo
993 913 1172 998 paullisper
1191 915 1263 980 sub

116 1018 245 1105 sistam)
266 1041 398 1086 menas
419 1042 538 1088 nomen
558 1021 668 1104 fuisse,
691 1024 728 1085 ut
747 1019 894 1086 ultimam
914 1020 1084 1105 syllabam,
1105 1021 1172 1086 sive
1191 1043 1262 1086 eam

115 1126 245 1192 brevem
266 1127 334 1193 sive
352 1128 494 1213 longam,
514 1128 582 1193 sive
601 1127 794 1193 consonanti
813 1127 882 1192 sive
897 1127 975 1192 adeo
991 1128 1094 1193 vocali
1109 1130 1262 1202 termina-

114 1236 192 1317 tam,
211 1254 330 1318 susque
349 1235 452 1319 deque
471 1235 585 1300 habita
603 1236 731 1300 ratione
752 1234 914 1318 corripere
928 1234 1062 1299 liceret?
1081 1235 1210 1319 quando
1230 1239 1263 1301 et

114 1337 243 1405 ramnum
271 1345 454 1427 correptum
483 1341 584 1407 habes
608 1341 725 1408 Bacch.
748 1341 774 1426 Ι,
800 1343 827 1425 1,
851 1340 918 1405 54:
931 1340 1046 1405 Pseud.
1069 1340 1128 1426 111,
1151 1344 1181 1427 2,
1206 1345 1262 1408 71:

203 1446 337 1512 Minium
361 1449 402 1513 da
425 1451 458 1514 et
481 1470 624 1533 sequere.
672 1447 724 1513 Ab
748 1446 900 1513 minume.
947 1447 1030 1524 Quid
1054 1449 1146 1515 iat.
1176 1502 1182 1514 .
1212 1501 1218 1514 .
1247 1501 1254 1517 .

203 1553 336 1620 tranum
359 1553 391 1621 s1‘
410 1555 574 1640 protollet,
596 1555 718 1641 peritur
741 1555 885 1640 profertd
909 1577 1058 1620 manum:

115 1666 148 1725 et
171 1660 241 1726 sine
265 1662 458 1727 consonanti
482 1662 661 1727 ablativum
684 1662 772 1727 Trin.
796 1663 874 1727 288:

203 1767 292 1849 [lbbi
315 1769 364 1833 uti
388 1768 532 1851 caueam]
557 1768 642 1853 qudd
666 1771 765 1831 manir
787 1770 978 1853 nequeunt.
1008 1820 1013 1832 .
1044 1821 1049 1833 .
1078 1820 1084 1832 .

112 1875 234 1961 Ecquis
264 1880 314 1940 est
345 1880 453 1940 autem
486 1897 621 1961 quaeso,
653 1896 748 1959 quem
778 1874 859 1938 haec
887 1896 953 1939 non
982 1875 1117 1940 illorum
1147 1877 1261 1942 statim

114 1982 406 2047 commonefaciant
429 1982 468 2045 de
492 1982 609 2066 quibus
633 1983 666 2046 in
685 1981 802 2066 vulgus
827 1986 968 2046 constat:
992 1983 1106 2048 bootes
1129 1983 1261 2048 bortum

113 2089 230 2154 areolos
256 2090 349 2154 ruald
379 2090 464 2154 berte
491 2090 583 2154 creole
609 2090 751 2154 douram
778 2090 874 2153 donli
900 2090 1024 2155 doato?
1071 2088 1159 2165 Quae
1187 2091 1260 2175 quis

111 2199 179 2260 tam
203 2218 303 2280 pravo
327 2195 444 2261 iudicio
470 2201 519 2261 est
542 2199 578 2260 ut
601 2197 758 2281 correptis
789 2196 898 2280 potius
928 2195 1052 2261 ultimis
1083 2195 1259 2283 syllabis*)
1345 2218 1349 2225 ·

111 2324 209 2386 quam
232 2303 473 2387 pronuntiando
497 2303 585 2368 elisis
608 2303 724 2387 primis
749 2303 834 2368 dicta
853 2324 923 2367 esse
942 2303 1139 2369 contendat?
1172 2302 1260 2368 Inter

112 2409 170 2474 illa
188 2414 297 2475 autem
317 2415 349 2476 et
368 2431 500 2476 manus
518 2414 551 2476 ct
569 2412 664 2475 ettilo
689 2415 722 2474 et
745 2416 864 2474 tumere
888 2412 921 2474 et
943 2430 1062 2475 sertem
1086 2413 1118 2474 et
1135 2411 1260 2496 situel,

112 2521 145 2581 et
173 2518 202 2582 si
230 2539 312 2603 quae
341 2517 391 2582 his
421 2521 497 2582 suut
525 2518 648 2601 affinia,
676 2516 753 2602 quid
781 2518 911 2582 tandem
939 2516 1135 2582 discriminis
1158 2517 1259 2582 inter-

111 2624 196 2688 cedit
225 2623 276 2687 vel
308 2624 384 2708 quid
414 2624 524 2708 potius
555 2624 808 2708 propinquitatis
840 2645 904 2688 non
936 2623 1130 2689 intercedit?
1173 2622 1258 2699 Quo·

111 2753 184 2796 rum
220 2753 334 2815 unum,
371 2736 505 2816 tamea,
538 2731 599 2795 etsi
633 2730 803 2796 scribendo
836 2751 963 2815 quoque
995 2729 1030 2794 in
1062 2728 1373 2812 monosylla-cxunr

113 2839 187 2903 bam
216 2844 280 2903 tam
306 2838 445 2902 formam
472 2836 674 2922 transiit**),
710 2836 742 2901 id
771 2837 856 2921 quod
888 2858 953 2901 non
985 2835 1108 2900 factum
1140 2841 1191 2899 est
1226 2835 1259 2899 in
1285 2863 1288 2869 ·

203 3030 229 3100 *l
249 3030 302 3101 [Oi.
322 3049 351 3100 p.
370 3036 422 3085 409
441 3030 553 3101 annot]

184 3120 227 3188 **)
247 3120 423 3186 Quamquam
438 3117 467 3173 in
481 3116 619 3173 Plautinis
634 3116 720 3186 libris,
739 3118 813 3186 quod
833 3116 928 3185 sciam,
946 3119 1058 3187 praeter
1072 3115 1259 3187 compositum

112 3210 248 3265 tametsi
270 3208 386 3264 verbum
408 3208 487 3262 nulla
509 3207 586 3262 illius
609 3208 716 3262 formae
735 3207 864 3277 exempla
881 3208 1030 3276 supersunt
1048 3206 1094 3275 [cf.
1114 3206 1150 3260 ad
1169 3205 1260 3261 Stichi

114 3318 139 3355 v.
159 3298 215 3370 44].
252 3297 342 3354 Multo
367 3300 460 3353 autem
486 3297 578 3352 minus
597 3296 697 3352 Plauto
720 3296 899 3351 tribuendum
917 3301 1001 3351 tame
1019 3298 1087 3365 erat,
1106 3312 1139 3351 ex
1157 3296 1259 3352 ultimo

115 3386 295 3455 antiquitatis
313 3403 424 3442 recessu
442 3387 562 3456 petitum
583 3385 722 3455 Saliisqus
741 3389 771 3441 et
787 3385 937 3442 Analibus
955 3402 1011 3440 una
1029 3401 1091 3440 cum
1111 3401 1201 3438 curris
1217 3401 1259 3439 re·

112 3476 302 3545 linquendum.
341 3476 516 3546 Omninoque
545 3476 618 3531 nihil
644 3476 736 3546 magis
763 3476 917 3532 cavendum
945 3477 989 3530 est
1013 3491 1098 3543 quam
1119 3490 1155 3527 ne
1178 3489 1261 3528 casca

114 3565 251 3621 vocabula
268 3565 408 3620 formasse
427 3565 627 3621 vocabulorum
647 3565 676 3619 iu
694 3565 825 3620 Plautum
844 3563 973 3635 cupidius
991 3562 1104 3632 inferas,
1123 3578 1140 3615 a
1158 3561 1259 3632 quibus

111 3653 188 3709 illius
208 3652 266 3709 sive
286 3655 363 3709 aetas
382 3653 441 3708 sive
460 3670 505 3708 ars
524 3655 554 3709 et
571 3646 638 3708 us'us
653 3653 836 3709 abhorruerit
867 3653 1028 3722 Equorum
1046 3668 1161 3708 numero
1180 3650 1259 3706 velut

112 3744 264 3813 quamde,
291 3745 374 3799 inda
399 3744 489 3813 (cuius
514 3743 544 3798 in
568 3761 623 3798 uno
649 3745 799 3799 indaudire
824 3744 909 3799 verbo
938 3741 1087 3812 vestigium
1114 3740 1257 3796 relietum:

111 3851 179 3889 uam
197 3832 387 3888 diversissima
410 3834 428 3887 d
451 3833 548 3888 littera
561 3835 665 3903 prodeo
688 3835 718 3888 et
736 3833 846 3888 dedideo
865 3834 893 3887 et
911 3833 1015 3887 antidit
1033 3832 1063 3886 et
1080 3830 1212 3886 ardidlruc
1230 3831 1259 3885 et

113 3923 227 3977 antidea
249 3924 279 3977 et
297 3922 424 3991 postidea
447 3923 573 3990 utuntur)
598 3923 627 3976 et
649 3937 796 3991 perperam
820 3936 838 3974 a
860 3919 956 3976 Reiaio
978 3920 1121 3974 invectum
1146 3920 1258 3974 aliato

31 4024 35 4033 ’
112 4013 190 4079 suut,
217 4011 263 4067 vel
290 4016 407 4081 topper
426 4012 455 4065 st
477 4012 659 4081 antiquio,
682 4010 727 4064 vel
753 4011 856 4065 molae
874 4009 1018 4080 genetivus
1038 4007 1085 4080 [cf.
1101 4009 1171 4064 Nor.
1190 4008 1257 4063 Ere.

110 4100 151 4156 Pl.
173 4100 184 4153 l
203 4118 230 4170 p.
251 4106 302 4154 114
312 4116 353 4167 sq.
373 4098 474 4168 Opusc.
493 4098 562 4168 phil.
581 4099 665 4170 1le.
688 4099 750 4169 133]
770 4100 799 4153 et
816 4099 978 4153 temonem
996 4097 1088 4152 forma
1106 4098 1153 4169 [cf.
1168 4097 1258 4152 Trin'

112 4207 137 4243 v.
151 4192 227 4242 1018.
244 4188 340 4257 1130]:
360 4202 480 4256 qnorum
498 4184 547 4239 ille
565 4185 638 4240 nihil
650 4201 784 4253 umquam
803 4184 926 4240 admisit.
954 4186 995 4240 Ac
1008 4188 1084 4241 recte
1103 4186 1156 4240 hoc
1170 4201 1257 4255 genus

111 4276 271 4353 unipersum
281 4275 458 4347 Ladewigius
471 4274 608 4331 indicavit
620 4275 650 4330 in
664 4274 882 4330 Zimmarmanni
900 4274 997 4329 Diurn.
1016 4274 1122 4343 antiqu.
1142 4289 1166 4328 a.
1188 4278 1256 4328 1842

112 4386 140 4437 p.
162 4366 320 4435 106'1'sqq.,
344 4365 447 4421 merita
471 4365 619 4421 severitate
643 4364 739 4420 Botbii
764 4364 794 4419 in
816 4363 867 4420 illo
890 4362 1136 4434 intemperantiam
1159 4364 1189 4417 et
1210 4361 1258 4416 vix

112 4454 260 4511 credibilia
276 4458 436 4511 commenta
454 4454 602 4525 castigans.
633 4453 738 4519 Quodsi
753 4455 890 4524 quaedam
909 4454 1035 4511 solitaria
1051 4453 1163 4510 exstant
1178 4453 1257 4508 testi-
