3014 5018
342 362 414 409 UNI)
439 362 501 408 DIE
525 362 709 410 LEIPZIGER
732 362 1054 412 PLAUTUSSTUDIEN.
1231 350 1273 414 89

130 498 257 556 laudatus
283 500 333 570 sit,
361 501 402 556 ita
424 500 482 557 iam
505 504 648 572 postrema
666 503 748 559 Musa
772 503 929 559 laudandus
952 520 1013 560 esse
1037 522 1054 559 a
1077 522 1107 560 se
1133 505 1275 575 rideatur;

131 592 225 661 captat
242 607 261 645 a
278 606 397 661 persona
414 608 466 645 sna
483 591 619 662 favorem,
638 609 701 648 cnm
720 609 750 647 se
768 593 856 648 veluti
875 593 1072 650 beneficiorum
1092 595 1122 650 iu
1139 612 1170 650 se
1189 596 1275 651 collo-

131 685 254 736 catorum
273 697 426 736 memorem
444 683 611 751 gratumque
630 681 781 752 significet;
799 699 818 737 a
835 699 865 737 re
880 682 1000 752 denique
1015 682 1085 753 ipsa,
1105 684 1183 738 cuius
1198 684 1275 739 utili-

131 771 187 825 tate
206 772 236 825 et
253 770 447 842 magnitudine
465 771 610 842 proposita
629 771 771 828 auditores
789 771 867 842 ipsos
885 772 914 827 in
930 790 1068 829 summam
1082 772 1274 830 adtentiouem

133 859 265 916 adducere
282 860 390 916 nititur.

136 1035 156 1072 v.
174 1027 197 1076 2.
223 1019 311 1076 Rudis
334 1020 415 1091 virga
436 1023 498 1076 erat
515 1039 572 1090 qua
589 1021 771 1092 gladiatores,
794 1022 861 1076 dnm
884 1022 1016 1079 libertate
1036 1023 1221 1093 donabantur,
1239 1041 1275 1080 ne

199 1109 387 1181 gladiaturam
407 1110 529 1180 amplius
548 1113 715 1182 exercerent,
734 1111 833 1167 donari
851 1112 1018 1180 solebant.*)
1042 1112 1123 1169 Vnde
1136 1130 1192 1168 uon
1205 1131 1274 1169 nun·

199 1216 284 1268 quam
302 1218 353 1270 pro
371 1201 503 1256 libertate
522 1202 551 1255 et
568 1201 622 1255 fine
641 1201 718 1255 rudis
736 1200 858 1273 ponitur.
895 1202 998 1257 Sensus
1017 1203 1072 1257 est:
1097 1202 1276 1273 ottocarus,

198 1288 276 1345 visne
303 1306 349 1345 me
373 1289 522 1346 Horatium
551 1289 620 1345 satis
651 1289 796 1360 cognitum
825 1291 883 1345 iarn
911 1292 941 1345 et
967 1290 1117 1361 probatum
1142 1292 1275 1350 exercitio

202 1378 344 1433 Musarum
359 1379 453 1434 aetate
468 1379 526 1434 iarn
540 1378 751 1450 ingravescente
765 1381 794 1434 et
808 1379 992 1436 severioribus
1006 1381 1089 1436 rebus
1103 1381 1195 1453 magis
1208 1384 1275 1452 apta

198 1469 301 1524 iterum
329 1468 422 1525 studio
450 1468 561 1539 poetico
588 1468 745 1539 includere,
775 1469 1011 1540 quemadmodum
1039 1470 1182 1541 gladiator
1206 1471 1275 1527 rude

199 1556 318 1613 donatus
337 1561 400 1614 eta
418 1558 588 1630 gladiatorio
606 1575 721 1614 rnnncre
739 1557 871 1614 remissus
895 1559 952 1614 iarn
970 1577 1065 1616 rursus
1084 1560 1113 1616 in
1132 1562 1274 1616 certamen

200 1650 364 1703 revocatur?

123 1747 154 1788 v.
175 1744 198 1791 4.
224 1735 357 1791 Veianius
380 1737 522 1807 gladiator
548 1739 664 1808 qnidam
687 1737 803 1809 insignis
829 1740 858 1794 et
882 1739 973 1795 clarus
1002 1738 1068 1808 fuit,
1099 1739 1148 1808 qui
1176 1741 1273 1795 aetate

200 1825 341 1880 declinata
359 1825 530 1897 decursoque
545 1827 606 1882 ‘ism
626 1828 719 1898 spatio
742 1829 779 1883 ab
804 1830 864 1884 arte
884 1845 935 1884 sua
952 1828 1123 1901 gladiatoria
1147 1829 1276 1885 discessit
1366 1819 1369 1824 ‘

200 1931 331 1984 nmisque
350 1933 384 1970 ex
402 1916 581 1986 antiquorum
604 1932 681 1972 more
700 1916 730 1972 in
748 1918 854 1989 templo
872 1918 1000 1974 Herculis
1019 1918 1176 1991 suspendit,
1200 1917 1274 1987 quod

198 2004 227 2059 in
246 2004 304 2059 eius
322 2004 368 2060 dei
385 2006 477 2060 tutela
494 2005 525 2060 id
543 2005 692 2061 artificium
711 2023 772 2062 esse
791 2007 991 2076 putaretur.**)

109 2102 155 2150 v.
174 2101 199 2150 6.
222 2094 388 2150 Gladiatorii
411 2093 471 2148 ludi
493 2094 536 2149 ita
559 2111 576 2149 a
598 2087 740 2150 veterib'us
763 2097 844 2150 eraut
861 2096 997 2166 instituti,
1021 2098 1053 2151 ut
1071 2096 1126 2152 dno
1145 2096 1270 2152 eiusdem

200 2182 315 2252 aetatis,
333 2182 554 2252 exercitationis,
573 2184 764 2253 proceritatis,
782 2184 884 2239 virium
903 2187 932 2240 et
950 2185 1084 2241 audaciae
1100 2187 1131 2239 iu
1149 2185 1270 2240 mediam

201 2272 333 2328 harenam
352 2270 505 2342 prodirent,
524 2288 609 2341 seque
628 2273 731 2328 mutuis
750 2263 912 2329 vulneribus
927 2290 1010 2346 saepe
1025 2274 1201 2343 conficerent,
1219 2274 1274 2329 nisi

200 2364 388 2432 spectatorum
412 2360 562 2416 clementia
583 2361 674 2417 victor
696 2361 905 2432 prohiberetur,
928 2379 963 2417 ue
986 2363 1015 2417 iu
1041 2363 1146 2418 victum
1170 2366 1200 2419 et
1217 2364 1275 2418 iam

199 2451 360 2507 vulneribus
383 2451 540 2507 confectum
563 2450 681 2505 ulterius
700 2450 836 2518 saeviret3
855 2452 932 2521 quod
954 2454 1022 2507 tunc
1040 2453 1161 2508 maxime
1180 2452 1275 2523 fiebat,

200 2558 262 2596 cum
281 2540 330 2595 ille
349 2539 467 2610 supplex
485 2539 585 2610 populi
597 2539 632 2593 'in
646 2540 757 2595 theatro
772 2540 894 2596 sedentis
906 2557 992 2610 opem
1007 2539 1180 2612 imploraret,
1200 2541 1275 2611 quod

200 2629 355 2701 siguificare
378 2629 490 2685 videtur
511 2630 597 2700 poeta
614 2631 722 2698 noster,
747 2646 810 2684 curn
830 2630 882 2685 ait:
908 2630 966 2685 ‘Ne
990 2631 1127 2702 populum
1150 2633 1276 2694 extrema

199 2720 284 2775 toties
303 2720 400 2774 exoret
417 2717 608 2787 harena.’***)

117 2824 155 2865 v.
176 2817 199 2865 l.
226 2808 305 2864 Sicut
328 2825 414 2878 supra
436 2825 454 2862 a
476 2806 646 2878 gladiatorio
674 2824 801 2877 munere,
829 2809 870 2864 ita
893 2808 939 2863 hic
963 2827 980 2864 a
1008 2809 1097 2865 curuli
1122 2811 1274 2866 certamine

201 2899 397 2970 metaphoram
416 2896 544 2967 sumpsit.
576 2896 650 2951 Nam
671 2899 704 2952 ut
726 2899 801 2952 errat
815 2897 863 2967 qui
879 2914 990 2967 equum,
1009 2915 1065 2968 quo
1082 2899 1112 2955 in
1129 2900 1276 2955 iuventute

200 2990 337 3044 hactenns
351 2987 457 3044 victore
471 3004 537 3041 usus
553 2986 598 3055 sit,
613 2985 669 3040 iam
685 3002 779 3040 senem
793 2986 885 3041 adhuc
899 2987 928 3041 in
942 2985 1032 3041 stadio
1048 3004 1157 3042 currere
1171 2988 1275 3059 iubeat,

199 3079 242 3134 ito
259 3095 321 3150 ego,
339 3077 431 3148 iuquit
449 3076 589 3146 Horatius,
612 3076 827 3146 reprehensione
850 3093 906 3131 non
924 3092 1057 3145 carerem,
1076 3074 1100 3130 si
1120 3093 1154 3131 ea
1172 3077 1275 3148 studia,

201 3185 272 3238 quae
286 3168 316 3223 in
333 3167 433 3222 florida
451 3167 546 3221 aetate
564 3164 683 3236 exercui,
701 3183 776 3221 nuuc
794 3181 879 3221 senex
897 3184 953 3221 nou
971 3165 1166 3236 relinquerem.

128 3279 153 3316 v.
175 3265 216 3313 11.
236 3258 391 3327 Vtramque
409 3256 619 3327 philosophiam
641 3254 782 3326 significat
806 3255 860 3310 hoc
883 3256 946 3310 loco
966 3255 1113 3324 Horatius,
1135 3256 1272 3326 phisicen,

200 3364 271 3416 quas
297 3346 372 3401 circa
393 3345 453 3399 veri
476 3344 722 3416 investigationem
746 3344 889 3413 consistit,
911 3347 939 3400 et
964 3344 1089 3413 ethiceu,
1108 3362 1179 3415 quae
1198 3345 1274 3400 vitae

200 3435 336 3506 magistra
362 3435 399 3489 ad
424 3436 514 3490 rectas
537 3433 725 3504 decenterque
748 3433 873 3490 actiones
897 3451 948 3489 uos
968 3434 1106 3504 perducit.
1145 3434 1275 3490 Naturali

201 3525 275 3581 cuim
294 3524 463 3594 philosopho
477 3523 581 3578 sufficit
599 3523 675 3593 quod
694 3540 791 3578 verum
809 3523 847 3577 sit
866 3539 1042 3594 cognoscere,
1061 3524 1161 3578 morali
1180 3525 1274 3579 antem

202 3613 276 3684 quod
295 3615 402 3670 rectum
420 3612 580 3683 iustumque
598 3614 642 3668 est
660 3629 741 3667 nosse
759 3629 815 3667 uon
833 3612 901 3667 satis
916 3613 967 3682 est,
985 3611 1040 3667 nisi
1058 3615 1133 3668 recte
1148 3612 1275 3683 iusteque

202 3704 280 3774 agat,
304 3720 374 3772 opns
398 3702 472 3758 enim
495 3701 608 3757 moralis
627 3701 740 3757 virtutis
762 3718 817 3756 uon
837 3701 997 3772 cognitione
1016 3701 1066 3757 sed
1084 3701 1194 3757 actione
1212 3717 1274 3772 per·

201 3792 335 3863 ficitur.†)
461 3862 463 3866 .

131 3899 156 3936 v.
176 3888 220 3938 20.
237 3881 309 3937 Miro
328 3881 425 3936 ordine
448 3883 477 3936 et
501 3879 619 3936 artificio
637 3880 766 3950 procedit
779 3879 920 3936 Horatius.
950 3879 1044 3935 Primo
1059 3879 1133 3934 euim
1147 3879 1274 3949 graviore

202 3970 259 4026 iarn
273 3972 367 4026 aetate
386 3987 427 4040 ea,
447 3986 519 4040 quae
537 3968 645 4025 leviora
663 3973 693 4024 et
710 3969 917 4025 adulescentiae
936 3968 1121 4024 condonanda
1138 3971 1211 4038 sunt,
1234 3986 1275 4023 re-

220 4134 244 4199 ·)
264 4131 362 4187 Dicser
380 4130 444 4185 Sata
464 4130 501 4187 ist
519 4146 568 4184 ans
587 4130 694 4185 Laudiu
714 4131 901 4187 cntuommeu.

202 4219 242 4288 “l
261 4220 344 4276 Diese
362 4237 449 4290 gance
468 4219 646 4290 Bemerlmug
663 4218 701 4275 ist
718 4220 776 4274 fast
792 4219 922 4274 wtrtlich
941 4236 991 4274 ans
1009 4218 1119 4275 Landiu
1137 4219 1273 4274 eutlchnt.

183 4308 242 4379 m)
262 4309 345 4365 Diese
363 4324 451 4380 ganas
464 4309 644 4379 Bemsrlrung
657 4310 696 4364 ist
708 4308 939 4380 gleichfallsdast
952 4309 1082 4364 wdrtlich
1100 4325 1150 4364 aus
1164 4308 1275 4363 Laudin

132 4399 302 4554 eudemio
321 4502 408 4558 gaure
427 4488 604 4558 Bemerlrung
622 4487 750 4542 wdrtlich
770 4503 819 4542 aus
837 4486 954 4544 Landiu.
