2918 5004
455 370 689 420 aururmsoun
713 372 839 419 annau.
1149 359 1215 423 645

72 519 235 602 gueretur,
254 514 384 580 etiamsi
397 514 546 599 publicae
566 514 813 600 significationis
833 515 1035 581 sollemnitas
1054 517 1145 582 nulla
1163 540 1215 584 ac·

71 623 206 688 cederet.
260 621 322 687 Sed
353 625 464 687 tamen
498 643 570 687 eam
603 644 675 687 cum
708 622 839 688 illorum
871 623 1013 688 virorum
1046 623 1215 709 sapientia,

69 729 186 814 quibus
213 732 344 795 nostrae
372 751 423 794 res
452 751 546 795 curae
576 734 667 814 sunt,
699 734 732 795 et
755 729 964 796 constituerit
986 733 1019 794 et
1041 751 1214 815 perennem

70 858 141 900 esse
165 837 317 916 voluerit,
337 858 405 901 non
427 840 537 920 potest
559 836 620 903 hoo
643 859 708 903 nou
731 841 816 903 recte
841 840 874 901 et
892 837 1067 902 salubriter
1086 836 1213 901 institu-

68 946 137 1007 tum
166 943 275 1008 videri.
320 943 467 1009 Primum
495 944 583 1010 enim
610 944 715 1030 pietas
743 945 805 1010 hoo
833 943 1052 1029 efflagitabat,
1083 948 1134 1028 ut,
1162 944 1214 1009 cui

68 1050 147 1115 haec
176 1050 358 1116 litterarum
387 1051 581 1117 universitas
609 1052 702 1136 plura
730 1051 861 1117 deberet
893 1056 926 1117 et
960 1052 1084 1117 maiora
1117 1073 1213 1138 quam

68 1160 194 1223 ceterae
227 1158 384 1224 bonarum
418 1160 536 1225 artium
569 1159 660 1224 sedes
689 1159 860 1244 beneficia,
893 1160 923 1224 ei
951 1160 1055 1225 honos
1085 1180 1214 1244 quoque

68 1265 260 1330 luculentior
281 1266 323 1329 ab
348 1267 458 1331 eadem
482 1266 665 1331 haberetur.
712 1265 798 1332 Nam
822 1289 895 1332 cum
919 1266 1062 1352 reliquae
1086 1288 1213 1331 conser-

70 1376 216 1438 vatorem
240 1394 416 1458 sanequam
440 1373 607 1438 liberalem
632 1373 887 1458 clementemque
910 1373 1029 1438 Dlvvu
1052 1373 1212 1439 Firmum·

68 1498 139 1546 cvm
157 1480 372 1547 vaunuvu
395 1480 445 1545 Ill
469 1485 668 1565 venerentur,
692 1485 727 1546 at
749 1481 829 1545 haec
851 1484 964 1545 nostra
988 1483 1021 1545 et
1043 1501 1213 1546 conserva-

68 1590 172 1653 torem
196 1592 228 1653 et
251 1588 451 1654 conditorem
476 1588 621 1672 suspicit,
645 1589 776 1673 eiusque
800 1587 975 1673 singularis
1000 1587 1123 1671 gratiae
1147 1609 1213 1654 non

66 1694 166 1759 habet
193 1693 258 1760 uisi
286 1717 384 1760 unam
413 1695 543 1760 sociam.
594 1692 657 1760 Sed
686 1693 771 1779 quod
800 1694 905 1777 pietas
934 1692 1095 1779 flagitare,
1128 1693 1212 1759 idem

67 1801 201 1867 suadere
229 1805 263 1866 et
286 1803 509 1868 commendare
533 1802 715 1867 honestatis
740 1800 882 1866 studium
906 1799 1011 1865 visum
1035 1805 1092 1866 est
1137 1800 1212 1866 Per-

66 1909 153 1975 tinet
175 1909 260 1973 enim
280 1908 342 1973 huo
362 1909 443 1974 illud
461 1909 624 1974 communi
645 1909 841 1992 sapientium
860 1930 938 1975 voce
957 1908 1213 1992 comprobatum,

66 2015 154 2101 quod
177 2038 249 2080 oum
274 2014 434 2080 bonorum
453 2015 622 2080 hominum
642 2037 818 2102 eorumque
839 2037 996 2100 carorum,
1020 2019 1089 2080 tum
1107 2016 1212 2081 multo

66 2123 167 2188 etiam
201 2121 305 2208 magis
338 2142 530 2207 magnorum
564 2121 721 2204 virorum,
754 2142 954 2207 quorumque
981 2121 1049 2187 vita
1077 2122 1110 2187 in
1139 2145 1220 2188 oon··

69 2234 182 2315 spectu
206 2229 349 2296 omnium
372 2229 481 2314 posita
503 2229 574 2313 fuit,
592 2266 635 2275 —
660 2229 777 2294 horum
800 2229 901 2314 igitur
923 2226 1008 2312 quod
1031 2228 1211 2295 recordatio

67 2338 206 2403 habetur
228 2337 474 2402 incitamentum
498 2336 628 2402 virtutis
660 2342 693 2403 et
716 2336 896 2404 voluntatis
920 2334 1136 2402 certissimum
1159 2339 1211 2403 fir·

66 2449 274 2511 momentum.
309 2444 358 2509 Ao
376 2444 439 2509 fuit
458 2444 520 2510 hoo
538 2444 604 2510 iam
625 2445 786 2510 veteribus
805 2466 1008 2530 persuasum:
1033 2467 1114 2530 quos
1138 2467 1210 2510 oon·

65 2555 132 2616 stat
160 2552 277 2618 statuis
306 2551 588 2639 monumentisque
619 2553 735 2637 positis
765 2553 885 2618 virtute
908 2552 1144 2636 praestantium
1168 2552 1211 2617 ci·
1225 2574 1259 2614 rv

66 2659 154 2723 vium
184 2663 217 2730 et
245 2659 400 2725 honorem
424 2664 613 2743 prosecutos
637 2681 708 2724 esse
734 2664 766 2723 et
789 2658 979 2725 memoriam
1002 2679 1210 2723 conservasse

65 2765 188 2849 duplici
216 2765 345 2850 quidem
374 2767 510 2832 consilio
539 2766 614 2832 hoo:
646 2766 788 2851 primum
815 2765 901 2850 quod
930 2764 962 2829 id
998 2764 1107 2830 deberi
1137 2786 1210 2829 raro

67 2872 286 2956 praestantiae
306 2871 467 2937 humanae
487 2872 633 2956 exemplo
654 2871 815 2936 videretur
834 2893 935 2955 eaque
954 2894 989 2936 re
1009 2871 1106 2936 simul
1124 2871 1209 2956 grati

66 2978 168 3043 animi
200 2978 397 3044 testificandi
433 2978 589 3045 desiderio
613 2984 749 3062 eorum,
782 2980 838 3063 qui
871 2978 1062 3063 superstites
1095 2982 1211 3063 essent,

65 3085 251 3170 satisfieret3
278 3085 392 3150 deinde
416 3089 453 3151 ut
476 3087 573 3151 ceteri
597 3085 683 3151 cives
706 3086 864 3150 haberent
887 3108 983 3171 quam
1006 3086 1210 3152 intuerentur

64 3198 232 3277 tamquam
258 3192 367 3258 vivam
392 3194 569 3279 imaginem
593 3215 704 3260 earum
729 3194 893 3276 virtutum,
916 3216 996 3278 quas
1020 3197 1053 3259 et
1072 3193 1210 3259 admira-

64 3305 177 3366 rentur
199 3303 233 3364 et
255 3300 386 3385 assequi
410 3300 628 3366 aemulatione
651 3300 825 3365 studerent.
861 3298 1037 3365 Laudabile
1061 3323 1138 3366 sane
1162 3302 1209 3366 in·

64 3408 231 3473 stitutum:
254 3407 311 3471 sed
334 3407 530 3473 laudabilius
554 3408 653 3472 etiam
676 3407 737 3471 hoo
756 3411 913 3491 nostrum,
936 3428 975 3473 eo
994 3407 1123 3492 quidem
1142 3408 1209 3473 lau-

64 3514 218 3598 dabilius,
242 3538 307 3600 quo
332 3516 515 3581 efficaciora
538 3519 613 3580 sunt
637 3537 719 3600 quae
743 3516 777 3579 in
800 3519 922 3580 mentes
946 3536 1017 3580 sese
1040 3516 1210 3581 insinuant

64 3642 161 3706 quam
189 3643 271 3705 quae
301 3623 470 3688 incurrunt
497 3623 530 3686 in
560 3622 684 3706 oculos,
716 3645 842 3707 quoquo
870 3622 1002 3706 propius
1030 3623 1069 3686 ad
1098 3645 1208 3688 veram

63 3749 171 3793 rerum
204 3731 374 3813 naturam,
411 3752 477 3794 uon
518 3732 684 3794 externam
718 3733 844 3795 tautum
877 3729 1025 3794 veritatis
1058 3731 1209 3814 speciem,

63 3835 163 3900 verba
186 3839 219 3899 et
243 3836 349 3901 oratio
373 3836 528 3901 accedunt
552 3858 650 3920 quam
675 3836 919 3901 simulacrorum
944 3836 1090 3901 artificia.
1135 3835 1208 3902 Hoc

63 3941 166 4026 igitur
188 3965 249 4027 par
271 3945 322 4006 est
345 3942 473 4006 credero
501 3942 574 4007 illos
598 3964 725 4027 quoque
749 3946 926 4027 spectasse,
957 3965 1095 4027 quorum
1119 3965 1207 4008 mau-

62 4049 139 4114 dato
173 4049 236 4113 huc
269 4048 365 4114 hodie
398 4048 617 4114 convenimus.
663 4049 726 4127 Qui
760 4071 822 4134 quo
855 4049 1010 4115 maiorem
1040 4051 1106 4115 vim
1138 4073 1207 4116 esse

64 4155 160 4221 huius
183 4155 382 4221 laudationis
406 4154 590 4240 voluerunt,
615 4178 652 4220 eo
676 4157 806 4241 gravius
831 4156 910 4221 mihi
934 4179 1050 4221 munus
1074 4158 1206 4243 imposi-

63 4269 134 4327 tum
164 4263 269 4328 sentio
299 4265 332 4327 et
360 4263 411 4327 oui
435 4262 488 4326 vix
515 4284 535 4327 a
563 4285 614 4328 me
644 4263 848 4329 satisfactum
876 4264 916 4329 iri
940 4286 1075 4348 sperem.
1121 4263 1206 4331 Nolo

65 4374 220 4436 consueto
249 4372 434 4437 oratoribus
461 4393 550 4435 more
579 4371 614 4436 in
638 4372 819 4437 excusanda
842 4373 959 4436 virium
982 4371 1206 4438 imbecillitate

66 4499 137 4542 mea
151 4478 280 4543 morari.
312 4477 383 4556 Qua
402 4479 463 4545 etsi
483 4478 585 4544 sciam
603 4501 669 4543 uon
693 4499 787 4562 posse
806 4478 857 4542 vel
871 4478 987 4544 horum
1002 4480 1206 4546 sollemnium
