2986 5010
264 332 330 396 398
555 346 817 395 rnounaonnaa
841 346 889 392 nn
912 344 1123 393 narromavs

262 489 346 576 (nfil.
378 489 434 573 IV,
461 490 497 573 2,
525 488 597 576 29),
628 486 893 574 arenceium,
921 494 1061 572 caueto,
1101 487 1304 552 cavillatio
1336 484 1412 572 (non

262 597 451 683 conluctata),
479 599 513 661 in
542 597 661 682 quibus
688 599 797 662 vivum
825 618 941 662 sonum
964 595 1245 682 pronuntiantium
1273 616 1341 660 non
1367 599 1413 659 est

263 708 376 769 secuta
412 704 546 789 scriptio
578 709 616 769 ut
653 705 687 769 in
722 706 812 788 ditet,
845 709 958 782 nauta,
993 709 1094 788 aelus,
1127 707 1285 785 munte,
1322 703 1412 783 ηονίε,

261 833 359 879 nosse.
396 812 601 897 Quamquam
618 812 651 877 id
674 834 735 877 nee
756 812 798 878 ad
820 813 904 876 uiuit
926 814 959 874 et
982 811 1102 875 similia
1123 832 1281 898 unquam
1305 809 1413 892 valuit,

263 920 436 1004 inquibus
459 942 525 986 non
548 922 672 1004 brevis,
695 919 752 985 sed
776 921 875 1005 longa
898 918 1020 984 vocalis
1042 941 1061 983 v
1082 918 1230 984 litteram
1251 916 1412 1004 praecedit

264 1025 355 1112 (nam
385 1028 471 1112 qnod
503 1046 602 1093 unum
631 1030 726 1092 nauis
756 1032 925 1112 exceptum
954 1031 1017 1109 est,
1048 1047 1201 1111 graecum
1232 1025 1411 1110 exemplum

263 1131 399 1221 effecit),
426 1155 485 1199 nec
509 1156 592 1219 quae
615 1135 792 1201 multorum
820 1157 922 1219 prava
945 1135 1055 1218 opinio
1077 1133 1154 1212 fnit,
1181 1132 1343 1198 tralatum
1366 1136 1412 1197 est

263 1242 303 1306 ad
331 1241 550 1325 perlectorum
578 1243 719 1327 primam
749 1243 782 1306 et
809 1243 940 1306 tertiam
968 1263 1140 1326 personam
1170 1240 1349 1326 singularis
1378 1244 1413 1304 ut

262 1348 400 1412 intabuit
412 1348 501 1413 Trin.
517 1349 580 1414 169
586 1349 647 1435 **),
665 1351 842 1434 permutat
856 1347 985 1435 276⁸),
998 1349 1174 1414 esturbauil
1186 1344 1321 1432 601²‘),
1334 1369 1411 1432 quae

263 1456 442 1520 certissime
470 1456 653 1541 negandum
682 1460 733 1521 est
762 1478 916 1541 nmquam
947 1457 982 1520 in
1013 1459 1122 1521 ternas
1156 1454 1306 1538 syllabas
1339 1476 1411 1520 con·

262 1566 369 1627 tracta
388 1584 467 1627 esse.
490 1599 526 1608 —
549 1563 595 1628 At
614 1585 690 1629 vero
713 1564 932 1646 ministrales,
955 1566 990 1627 at
1012 1563 1213 1646 napaeos
1236 1566 1410 1646 opponent.

261 1669 383 1734 Verum
401 1671 587 1735 minister
617 1670 700 1734 unde
729 1670 794 1734 nisi
824 1693 844 1734 a
873 1691 986 1735 amosa
1015 1669 1125 1734 venit?
1155 1691 1173 1733 e
1205 1692 1271 1754 quo
1303 1691 1410 1735 conse·

261 1799 362 1862 quens
392 1782 443 1842 est
473 1780 522 1859 nt,
552 1777 822 1862 quemadmodum
850 1799 916 1843 una
942 1776 1071 1861 syllaba
1097 1796 1225 1857 amnas,
1254 1776 1303 1840 ita
1331 1780 1409 1841 iam-

262 1907 360 1970 quam
388 1885 598 1949 m’nistremue
626 1883 873 1968 pronuntiatum
903 1883 958 1967 sit,
985 1906 1051 1948 non
1077 1884 1299 1948 ministrmus.
1346 1881 1409 1947 Nec

263 1992 369 2076 magis
393 1991 547 2056 credibile
570 1995 637 2055 tres
661 1995 877 2057 consonantes
905 1993 1037 2076 longam
1065 1990 1226 2076 syllabam
1251 2013 1318 2056 non
1341 1992 1408 2057 effe

261 2099 343 2162 cisse
375 2099 409 2162 in
447 2101 706 2182 irrupistralus:
744 2099 835 2163 cuius
872 2098 1170 2184 pronuntiationem
1203 2099 1407 2184 trisyllabum

169 2238 245 2279 cnm
262 2206 326 2270 iam
356 2206 412 2270 alii
443 2206 598 2291 suspicati
627 2211 705 2270 sunt
733 2229 750 2271 e
778 2206 911 2291 propria
939 2205 1078 2291 quadam
1105 2205 1140 2269 in
1169 2207 1272 2289 moyes
1294 2229 1408 2291 vocey

261 2312 389 2376 litterae
418 2317 537 2377 natura
565 2312 772 2397 repetendam
805 2335 884 2378 esse.
929 2314 1038 2399 Atque
1068 2311 1226 2377 eiusmodi
1259 2315 1406 2398 quiddam

262 2416 417 2483 habuisse
441 2419 533 2483 illam
560 2420 636 2484 hino
664 2420 878 2505 intellegitur,
906 2419 991 2506 quod
1020 2442 1037 2484 e
1064 2420 1187 2502 namus
1213 2420 1286 2485 fieri
1310 2423 1408 2485 maias

260 2527 376 2610 potuit.
424 2526 545 2603 Quodsi
578 2527 619 2591 ad
650 2529 663 2589 i
693 2528 900 2593 consonantis
935 2527 1181 2591 similitudinem
1215 2525 1362 2612 aliquam
1388 2548 1407 2609 y

260 2633 340 2698 illud
370 2634 554 2717 accedebat,
593 2633 679 2698 idem
709 2633 776 2699 fere
807 2634 962 2699 accidisse
991 2635 1027 2698 in
1056 2634 1249 2699 nw’e'siratus
1282 2632 1335 2720 (ut
1366 2635 1407 2698 sic

260 2740 370 2805 imiter
388 2741 573 2826 scribendo)
593 2742 748 2806 accidisse
772 2742 984 2825 perspicimus
1008 2742 1093 2826 quod
1117 2741 1150 2805 in
1173 2740 1406 2826 monosyllabis

259 2848 351 2926 ciue,
373 2849 494 2932 caius,
517 2848 640 2932 beliue,
664 2870 747 2933 quae
765 2870 895 2913 rursum
914 2871 987 2914 eum
1005 2863 1125 2929 marm,
1148 2847 1260 2914 Dauos
1278 2871 1406 2933 prorsus

260 2977 330 3020 ease
355 2955 572 3040 comparanda
595 2960 740 3040 apparet.

349 3059 410 3126 Sed
430 3062 638 3147 redeundum,
661 3063 745 3127 nude
765 3063 872 3127 exorsi
891 3085 1011 3148 sumus,
1031 3063 1072 3128 ed
1093 3064 1239 3145 quidem
1257 3068 1293 3129 et
1311 3064 1409 3148 apud

259 3168 446 3251 particulas.
499 3169 589 3246 Quae
621 3193 698 3236 sane
730 3170 888 3255 liquidam
920 3192 987 3236 non
1020 3169 1143 3234 habant
1175 3170 1263 3234 inter
1297 3171 1405 3235 breves

260 3274 389 3339 vocales
413 3274 492 3340 duas
516 3276 729 3342 interiectam.
770 3277 894 3343 Verum
917 3277 1004 3362 quod
1026 3277 1095 3342 fieri
1118 3278 1152 3343 in
1176 3278 1267 3342 omni
1291 3298 1405 3363 genere

259 3403 367 3445 rerum
391 3382 549 3469 videmus,
576 3388 615 3449 ut
641 3406 708 3450 non
735 3389 805 3449 tam
828 3384 925 3448 certis
949 3387 982 3448 et
1005 3384 1266 3449 immutabilibus
1291 3385 1405 3450 finibus

260 3489 474 3574 singulorum.
491 3490 577 3554 inter
606 3512 639 3554 se
667 3491 813 3555 ordinum
839 3489 1011 3574 diremptio
1034 3479 1182 3575 regatur,
1209 3490 1405 3575 quinquae

259 3595 333 3661 dam
357 3596 537 3663 redundent
560 3602 593 3662 et
616 3597 769 3663 liberiore
793 3598 922 3663 vinculo
947 3620 1072 3664 annexa
1095 3598 1203 3682 potins
1228 3619 1329 3682 quam
1357 3621 1404 3663 co·

259 3725 342 3767 nexa
365 3704 521 3770 fluctuent
543 3705 628 3769 inter
652 3705 715 3770 duo
743 3726 877 3790 genera,
905 3704 937 3768 id
961 3703 1039 3790 quid
1062 3705 1178 3769 mirum
1202 3703 1230 3768 si
1255 3703 1308 3769 hic
1331 3727 1404 3789 quo·

259 3832 321 3894 que
345 3811 451 3876 locum
474 3811 612 3877 habuit?
657 3811 694 3876 Id
722 3813 823 3897 igitur
851 3812 965 3877 cadere
988 3813 1022 3877 in
1046 3835 1100 3877 eas
1124 3812 1204 3876 duas
1228 3811 1404 3893 particulas

258 4022 358 4077 Pareae
378 4023 398 4090 1,
418 4029 443 4091 3,
463 4028 496 4076 67
516 4023 646 4094 paratum
665 4022 715 4076 eat
754 4020 886 4091 Superest
904 4022 936 4075 ut
954 4022 1055 4076 Persae
1079 4019 1118 4089 ΙΙ,
1137 4025 1163 4089 5,
1182 4025 1215 4074 21
1244 4021 1287 4077 sic
1304 4038 1401 4093 perpo

258 4110 439 4265 mmmm
457 4200 489 4253 tu
507 4199 567 4254 aia?
586 4199 714 4255 dominus
733 4216 778 4255 me
797 4185 936 4255 Eretriam
954 4200 1041 4256 boues
1059 4201 1213 4255 mereatum
1233 4201 1323 4271 misit,

260 4287 310 4341 nbi
328 4288 408 4343 boues
425 4295 573 4345 mercatum
591 4290 733 4346 Eretum
752 4290 907 4346 collocatur
925 4290 1020 4360 vulgo.

348 4377 373 4443 *)
394 4377 448 4447 [De
466 4378 629 4433 oblivisci
647 4379 732 4435 verbo
752 4378 816 4433 vide
834 4396 899 4434 ann.
918 4378 956 4433 ad
973 4379 1031 4433 Mil.
1050 4397 1077 4433 v.
1099 4379 1189 4450 laea]

330 4463 373 4532 **)
393 4464 465 4534 [‘Da
483 4483 613 4521 mensura
630 4466 782 4523 fallebatur
796 4467 991 4523 Lachmannus
1009 4467 1038 4521 in
1058 4468 1138 4521 Lucr.
1157 4485 1186 4537 p.
1205 4469 1283 4525 290!
1304 4469 1403 4540 Τήν]
