2986 5010
261 369 327 436 438
549 386 810 435 Paouasouaus
835 387 882 434 na
906 386 1117 437 samoansvs

406 529 596 596 ‘Onerariae
615 534 748 595 onustae
772 530 904 595 stabant
927 528 962 595 in
986 527 1151 615 flustris*)

261 670 305 758 (v.
328 671 410 737 Mus.
434 672 495 737 Rh.
519 695 591 738 nov.
616 670 645 737 V
673 696 703 757 p.
728 671 824 758 247),
856 672 977 757 aliquid
1011 672 1187 738 consolitae
1220 674 1413 757 asperitatis

242 814 243 819 1
263 782 304 846 ad
327 780 461 865 politius
485 801 587 865 genus
610 779 800 844 transtulit?
831 778 900 845 Nec
924 779 1010 843 enim
1034 778 1100 844 ullo
1120 779 1225 863 modo,
1248 780 1304 865 qui
1324 779 1413 846 Nae-

216 886 218 888 *
261 888 312 952 vio
329 888 482 953 Plautum
501 887 596 952 citius
615 891 854 970 compararunt,
877 891 999 971 quanto
1015 886 1192 971 ‘utriusque
1214 890 1332 970 poetae
1357 910 1413 952 ars

261 995 412 1060 universa
434 995 608 1060 intervallo
632 994 740 1078 distet,
764 995 843 1059 satis
867 997 1037 1078 reputasse
1060 994 1220 1059 videntur.

210 1127 244 1167 cc
350 1101 464 1166 Paullo
492 1100 680 1187 diligentius
709 1102 889 1167 enarranda
912 1124 981 1167 esse
1005 1084 1174 1167 Ciceronis
1193 1103 1293 1167 verba
1317 1107 1411 1199 puta·

260 1209 365 1273 vimus
397 1231 494 1293 quam
527 1209 649 1274 factum
683 1213 732 1274 est
770 1232 790 1273 a
823 1209 967 1274 homano
1002 1207 1194 1292 Speciminis
1232 1209 1339 1274 critici
1378 1211 1414 1275 in

260 1315 412 1381 Plautum
436 1318 469 1380 et
491 1314 687 1399 Terentium,
710 1316 796 1399 quod
819 1315 1056 1381 Amstelodami
1079 1339 1107 1381 a.
1130 1318 1413 1382 mmccccxxxxv

193 1465 195 1467 »
261 1422 374 1506 edidit,
404 1445 435 1507 p.
459 1425 499 1487 21
526 1429 558 1488 et
582 1424 637 1487 25:
670 1423 727 1487 ubi
756 1427 865 1487 tamen
893 1422 931 1486 de
959 1422 1053 1487 hiatu
1081 1423 1210 1487 saniora
1240 1425 1414 1508 praecepit

260 1550 357 1612 quam
389 1534 466 1612 post
494 1529 676 1595 Bentleium
711 1532 743 1595 et
770 1528 994 1594 Hermannum
1028 1551 1047 1593 a
1079 1551 1243 1614 quoquam
1278 1531 1413 1614 prolata

260 1635 335 1702 vidi.
382 1633 533 1701 Ceterum
561 1659 621 1702 nec
648 1638 800 1703 vitiosum
828 1641 862 1701 et
888 1635 1186 1720 frequentissimum
1214 1636 1308 1702 illum
1335 1633 1413 1704 ¹esse

260 1742 385 1807 hiatum
409 1744 494 1808 inter
518 1766 629 1809 omnes
653 1749 797 1827 constat,
830 1766 904 1808 cum
927 1741 1171 1825 monosyllabae
1195 1765 1306 1827 voces,
1342 1747 1414 1811 sive

260 1851 296 1914 in
313 1850 444 1936 longam
466 1848 666 1936 vocalem**)
687 1850 753 1914 sive
776 1851 811 1914 in
834 1872 866 1914 m
889 1853 1122 1914 consonantem
1146 1854 1310 1935 exeuntes,
1333 1853 1414 1918 dum

263 1957 403 2039 priorem
428 1957 588 2040 syllabam
613 1958 740 2021 solutae
769 1957 801 2022 in
826 1957 906 2022 duas
930 1957 1044 2022 breves
1069 1956 1152 2022 arsis
1177 1955 1337 2041 efficiunt,
1363 1982 1414 2023 ao·

261 2067 356 2129 centu
379 2064 526 2128 intensae
550 2065 779 2149 corripiuntur.
817 2064 910 2141 Quod
934 2085 1036 2149 genus
1059 2063 1168 2129 hiatus
1192 2068 1260 2128 tam
1285 2069 1412 2132 certam

262 2170 295 2233 in
314 2170 416 2234 veteri
439 2171 530 2254 poesi
549 2160 739 2236 Latinorum
760 2171 849 2236 omni
869 2170 979 2235 sedem
998 2169 1115 2235 habuit
1133 2176 1309 2257 tantaeque
1329 2173 1414 2257 ipsis

261 2276 367 2359 poetis
391 2277 554 2361 voluptati
577 2278 677 2343 fuisse
701 2279 841 2361 videtur,
871 2282 908 2342 ut
938 2277 1036 2342 etiam
1059 2277 1117 2341 ubi
1141 2277 1208 2341 eius
1232 2279 1414 2344 necessitas

262 2382 353 2446 nulla
376 2387 474 2466 esset,
502 2387 612 2449 tamen
640 2384 832 2471 liquescenti
855 2384 1016 2449 vocalium
1040 2384 1298 2468 pronuntiationi
1323 2385 1414 2451 haud

262 2493 451 2554 cunctanter
470 2491 688 2575 praetulerim,
707 2491 804 2576 idque
823 2513 860 2556 eo
880 2490 1101 2573 confidentius,
1120 2491 1205 2575 quod
1225 2514 1263 2556 ea
1282 2494 1414 2558 ratione

236 2597 359 2662 ⁴simul
386 2597 506 2663 licebat
533 2598 630 2683 longe
659 2597 908 2663 usitatissimam
937 2598 988 2662 illc
1011 2599 1066 2661 istc
1089 2618 1150 2663 csse
1178 2599 1414 2666 vocabulorum

262 2704 498 2788 correptionem
518 2703 735 2793 servare***):
759 2727 835 2769 nam
854 2704 934 2769 talia
953 2708 1039 2787 sunt,
1063 2727 1145 2788 quae
1163 2705 1256 2774 ¹illam
1282 2729 1413 2773 mensu-

262 2833 316 2876 rae
346 2812 596 2897 ambiguitatem
625 2812 808 2877 admittant.
854 2811 943 2896 Ergo
973 2835 1046 2877 cum
1069 2833 1127 2896 per
1149 2833 1183 2875 se
1206 2812 1287 2877 nihil
1310 2815 1412 2880 inter-

263 2920 320 3002 sit,
346 2941 435 3001 00001
461 2920 522 2984 c'ssc
549 2920 727 3001 corripietur
753 2921 839 2983 stilos
864 2919 923 3000 [sic
947 2917 1061 3000 Trin.²]
1087 2943 1129 2984 an
1152 2921 1325 3002 perlitasse
1348 2944 1413 2987 ccr-

263 3027 388 3107 msptdm
410 3027 497 3090 010100
520 3048 547 3089 v.
575 3028 637 3090 116
661 3027 864 3109 pronunties,
898 3025 959 3089 hoc
983 3030 1092 3090 tamen
1116 3027 1220 3090 visum
1244 3029 1294 3090 est
1318 3050 1412 3111 prae·

263 3132 431 3196 ferandum
455 3155 535 3216 esse,
558 3133 733 3217 eademque
757 3133 882 3196 ratione
906 3133 1066 3216 (simillia,
1089 3155 1155 3198 non
1173 3155 1241 3197 curu
1261 3134 1327 3198 illis
1348 3135 1412 3215 [sic

263 3236 377 3318 Trind]
404 3262 430 3302 v.
446 3240 520 3322 203,
543 3241 616 3304 daim
639 3240 811 3323 1111101211,
833 3241 924 3321 purim
943 3240 992 3304 1111
1011 3242 1115 3322 [quoru
1132 3241 1183 3305 1111
1196 3238 1312 3322 Trin.²]
1334 3241 1412 3326 342,

205 3367 252 3405 ‹tcr
267 3344 355 3425 pucha
378 3346 455 3410 satas
478 3344 563 3431 (tibi)
594 3349 696 3428 [quau
720 3347 779 3411 tibi
801 3347 878 3411 istas
900 3344 1015 3426 irinc]
1042 3348 1120 3429 951,
1147 3348 1314 3429 0000101110
1336 3349 1414 3413 itast

370 3607 395 3676 l²)
416 3608 470 3678 [ef.
490 3610 590 3679 Opusc.
609 3611 678 3680 phil.
699 3611 737 3664 llI
756 3629 781 3681 p.
800 3616 858 3679 133,
878 3611 926 3665 ubi
945 3613 1088 3667 onerarias
1107 3612 1194 3667 suasit
1213 3611 1411 3686 Ritschelius.]

354 3696 395 3765 **)
414 3697 518 3768 Longis
542 3700 685 3753 vocalibus
708 3699 795 3754 etiam
819 3700 1010 3771 diphthongos
1029 3702 1244 3772 comprehensas
1262 3717 1324 3756 esse
1344 3703 1411 3758 volo

264 3787 296 3839 ut
313 3802 383 3855 quae
401 3789 430 3841 et
448 3789 521 3856 quoi,
540 3789 574 3842 de
594 3805 648 3856 quo
663 3807 688 3858 p.
700 3801 806 3842 cnxxu
822 3789 899 3860 [414]
919 3789 1033 3843 dictum.
1061 3791 1120 3845 Nec
1140 3790 1256 3846 fortasse
1275 3789 1342 3845 hinc
1362 3808 1408 3846 ex·

263 3873 369 3928 clusam
389 3891 447 3929 esse
466 3892 514 3930 seu
532 3876 700 3946 particulam
719 3875 876 3947 significavi
894 3895 922 3947 p.
941 3891 1048 3933 cxxxv
1069 3879 1156 3949 [34¹l·

334 3962 392 4031 m)
417 3964 494 4030 Quae
519 3983 573 4018 una
596 3982 695 4019 caussa
718 3965 872 4035 satisfuit,
897 3984 946 4020 cur
964 3966 1063 4037 etiam,
1087 3966 1136 4022 ubi
1153 3967 1246 4023 nullus
1262 3970 1409 4025 -vocalium

263 4069 420 4120 concursus,
440 4054 490 4108 sed
508 4053 605 4109 similis
625 4055 825 4125 pronuntiandi
843 4056 1027 4126 ambiguitas,
1046 4058 1193 4126 probarem
1211 4058 1292 4112 velut
1311 4077 1336 4113 v.
1357 4066 1409 4115 311

263 4145 289 4196 ai
305 4144 373 4212 quid
401 4144 436 4199 a'b
459 4146 507 4199 1110
535 4146 670 4213 acceperas
692 4161 760 4214 praa
783 4146 837 4199 hac
861 4163 992 4201 mensura
1014 4148 1125 4216 siquid
1143 4148 1177 4201 ab
1196 4148 1246 4201 1110
1264 4152 1411 4218 acceperis,

263 4230 332 4285 item
350 4249 376 4286 v.
396 4238 448 4288 372
472 4250 501 4288 00
515 4237 613 4302 pater:
632 4236 682 4303 pol
700 4237 746 4304 e'po
766 4237 847 4290 istam
865 4252 932 4305 prae
952 4237 1002 4305 pol
1020 4253 1066 4306 epo
1084 4239 1178 4303 istam,
1205 4242 1257 4292 866
1277 4239 1348 4292 mebi
1366 4240 1411 4294 illc

264 4322 388 4388 praemi
407 4323 464 4376 ille:
484 4339 653 4391 quamquam
673 4341 690 4377 a
708 4324 848 4379 sententia
867 4324 913 4378 hic
932 4323 1015 4393 plena
1032 4326 1101 4379 miti
1119 4324 1210 4381 forma
1223 4343 1281 4381 non
1295 4330 1328 4383 ut
1342 4328 1411 4383 alibi

265 4408 423 4479 requiritur,
443 4426 465 4464 e.
481 4429 505 4465 0.
521 4429 546 4465 v.
558 4417 609 4466 588
628 4411 658 4465 in
676 4413 767 4467 verbis
783 4417 965 4482 potissumum
983 4415 1051 4468 mibi
1064 4416 1094 4469 id
1108 4415 1185 4482 coar,
1203 4414 1252 4469 nbi
1273 4416 1410 4473 absonum

265 4495 302 4550 sit
321 4496 484 4553 delitescere
503 4498 675 4569 pronominis
694 4499 846 4556 notionem.
