2986 5010
269 392 276 404 ’
405 393 670 446 auraunamours
695 394 900 444 salvanum.
1166 378 1231 445 419

85 543 150 621 est,
182 537 237 603 sed
262 540 436 604 secundum
460 541 574 624 pedem
597 541 782 607 tribrachus
806 543 912 607 efficit.
960 539 1097 607 Sublato
1122 546 1232 608 autem

79 658 202 728 parcpcr
224 647 283 713 illo
307 670 367 713 nec
384 653 486 731 pater,
510 650 599 715 cuius
623 651 711 716 vocis
734 653 827 715 tanta
850 651 884 714 in
908 648 1061 713 familiari
1085 670 1232 714 sermone

85 755 281 839 frequentia,
311 755 410 819 semel
433 756 467 820 in
490 756 607 840 viginti
632 756 805 821 comoediis
829 756 986 839 producta
1009 755 1125 820 ultima
1147 756 1232 840 posi-

85 864 154 925 tum
180 862 343 927 credemus
366 861 475 926 Aulul.
501 861 557 943 IV,
584 864 639 946 10,
663 862 721 947 53,
753 884 849 946 quem
872 862 1001 928 adiecta
1022 861 1095 926 hirec
1117 863 1233 927 vocula

85 968 213 1033 redinte
237 991 286 1034 ro:

70 1081 74 1085 ’
151 990 243 1141 Meugs
265 1076 329 1141 fuit
352 1081 444 1160 pater
467 1075 546 1142 binc
569 1077 795 1161 Antimachus,
818 1079 878 1163 ego
903 1098 1002 1143 uocor
1026 1038 1219 1162 Lyecnides:

85 1223 123 1266 ea
151 1201 280 1285 quidem
307 1201 379 1265 hinc
407 1201 586 1287 particulae
616 1205 792 1285 potestate,
825 1225 888 1287 qua
910 1201 1000 1266 Trio.
1024 1202 1089 1268 326
1118 1202 1233 1287 scripsi

84 1307 269 1372 adulescenti
292 1307 365 1371 hinc
384 1329 493 1390 parcere
514 1330 649 1387 surrrmc,
681 1309 838 1373 debebam
860 1314 898 1373 ut
921 1331 994 1374 sero
1018 1309 1110 1375 video
1134 1310 1233 1374 ctiam

86 1439 115 1480 v.
130 1415 195 1480 359
218 1414 386 1479 Lesbonico
408 1415 480 1479 hiae
501 1417 686 1480 adulescenti
710 1414 859 1479 seribere.
893 1412 998 1480 Semel
1017 1420 1142 1481 exstare
1162 1438 1233 1500 pro·

86 1521 216 1587 ductum
239 1527 331 1604 pater
359 1521 438 1586 dixi:
468 1545 545 1587 nam
575 1521 665 1587 Asin.
690 1519 728 1605 V,
756 1523 787 1604 1,
813 1523 828 1585 1
855 1523 993 1588 mutatio
1022 1522 1060 1587 fit
1082 1545 1233 1608 persona-

84 1652 165 1713 mm,
189 1628 370 1693 Trinummi
394 1633 502 1694 autem
528 1652 554 1695 v.
569 1630 635 1694 645
659 1630 721 1693 etsi
747 1629 819 1693 Tibi
832 1631 924 1711 prater
941 1630 1079 1712 acusque
1101 1631 1134 1696 in
1154 1632 1231 1696 Am·
1307 1616 1309 1618 ¹

84 1737 238 1803 brosiano
269 1741 331 1821 est,
363 1741 472 1802 tamen
503 1759 561 1821 per
591 1737 714 1801 librarii
745 1740 871 1802 tantum
903 1738 1144 1823 neglegentiam
1174 1758 1387 1821 qrrecnxxvru

85 1842 241 1909 excidisse
260 1845 453 1909 credendum
474 1849 523 1909 est
536 1843 706 1909 Palatinis.
739 1843 790 1907 Ad
809 1844 909 1908 verba
927 1849 964 1909 ut
982 1845 1121 1929 redeam,
1145 1847 1231 1930 quod

84 1951 117 2015 iu
145 1953 258 2034 apitur,
291 1953 322 2016 id
351 1953 449 2016 etiam
483 1953 517 2015 in
545 1972 621 2033 opor
648 1956 680 2014 et
706 1951 834 2015 arrcabor
867 1951 979 2016 cadere
1007 1952 1230 2037 ratiocinatus,

83 2058 189 2124 habeo
212 2059 297 2143 quod
322 2059 437 2124 addam
461 2063 639 2142 praeterea,
662 2057 857 2123 infinitivum
881 2058 916 2122 in
939 2060 985 2122 ier
1008 2059 1154 2143 syllabas
1178 2081 1230 2124 ex-

85 2169 226 2230 euntem:
256 2189 331 2231 nam
356 2166 439 2251 quod
464 2167 559 2255 dieser
579 2166 705 2249 scrapicr
727 2166 761 2229 in
784 2166 898 2230 mediis
922 2167 1070 2232 versibus
1093 2189 1159 2232 non
1182 2178 1232 2233 sb·

84 2273 154 2337 lent
176 2272 342 2357 dactylum
366 2294 517 2357 aequare,
549 2273 583 2337 id
607 2294 672 2338 non
696 2273 771 2337 inde
795 2274 1004 2357 repetendum
1028 2295 1110 2357 esse,
1147 2275 1232 2360 quod

84 2380 158 2444 illae
181 2379 305 2445 formae
325 2381 434 2445 cretici
451 2402 638 2445 mensuram
657 2381 857 2464 primitivam
875 2381 1059 2466 habuerint,
1083 2386 1232 2467 correpta

84 2487 118 2551 in
143 2488 355 2571 anapaesticis
380 2487 496 2551 ultima
515 2486 644 2569 syllaba
667 2486 770 2571 docet,
793 2510 890 2572 quam
908 2489 977 2552 iure
997 2510 1056 2552 suo
1075 2487 1232 2553 Herman-

83 2616 144 2658 nus
164 2599 196 2658 et
216 2592 360 2658 defendit
377 2595 412 2658 in
431 2592 537 2658 Iahnii
553 2593 668 2658 Annal.
682 2594 762 2678 phil.
777 2598 800 2658 t.
810 2592 933 2659 XXXV
951 2598 993 2677 [a.
1007 2595 1106 2678 1842]
1121 2618 1151 2679 p.
1170 2595 1232 2659 194

84 2707 117 2765 et
136 2701 267 2766 admisit
284 2700 317 2765 in
338 2700 454 2766 Bacch.
476 2701 575 2766 1131:
599 2701 653 2766 boc
675 2701 832 2766 eacrdmcr
854 2702 908 2767 cibs
927 2707 961 2767 tc.
1006 2700 1069 2767 Sed
1088 2706 1164 2786 post
1182 2725 1232 2767 ra-

84 2809 328 2874 tiocinationem
358 2807 530 2872 videndum
559 2806 598 2871 de
627 2807 791 2892 exemplis.
838 2809 867 2871 Α
892 2809 1009 2893 quibus
1032 2831 1161 2874 rursum
1186 2832 1231 2874 se·

85 2916 250 3002 greganda
278 2938 360 3000 quae
388 2915 532 2980 incidens
557 2936 713 2999 personae
737 2917 875 2981 mutatio
900 2921 1065 3001 segregat,
1097 2921 1135 2982 ut
1158 2918 1232 2982 Aul.

84 3023 127 3108 ΙΙ,
137 3025 167 3107 2,
177 3025 219 3089 39
239 3024 382 3101 arbitror,
407 3021 523 3088 Bacch.
534 3021 575 3106 V,
588 3024 614 3106 l,
625 3023 669 3088 30
687 3044 799 3102 moror,
823 3022 894 3089 Cas.
909 3023 965 3108 lV,
980 3025 1063 3107 212
1082 3025 1231 3107 specrclor:

85 3131 134 3195 vel
159 3130 289 3215 gravior
312 3129 541 3214 interpunctio,
565 3133 601 3193 ut
623 3128 818 3214 Rud.IIl,6,
832 3131 872 3194 14
896 3151 999 3194 urerer
1022 3129 1112 3217 (item
1136 3132 1233 3214 tpitar

85 3238 203 3304 Bacch.
226 3237 255 3323 I,
281 3240 308 3321 1,
332 3236 398 3322 56).
445 3236 636 3300 Mercatoris
661 3240 768 3301 autem
793 3235 840 3320 II,
864 3239 893 3320 3,
919 3239 958 3301 Π
984 3260 1056 3302 cum
1081 3237 1230 3303 inlibris

84 3346 132 3410 sic
156 3346 296 3428 scriptus
321 3344 379 3408 sit:

152 3452 267 3517 Hercle
292 3452 369 3536 quin
394 3456 430 3516 tu
453 3453 539 3516 re'cte
563 3451 643 3515 dicis
668 3455 701 3516 et
725 3452 786 3517 tibi
811 3450 986 3535 adsentior,

85 3578 156 3664 quis
185 3577 234 3643 vel
263 3599 336 3642 cum
365 3574 551 3643 Camerario
584 3577 639 3641 titi
665 3576 818 3642 dsscrctc‘or
846 3599 897 3660 epo
926 3578 976 3643 vel
1007 3598 1079 3641 curn
1109 3574 1230 3641 Botbio

25 3759 27 3763 y
85 3685 141 3749 tibi
163 3685 301 3750 assata
323 3705 374 3768 epo
399 3684 636 3768 amplectatur?
668 3682 707 3747 In
730 3688 885 3768 promptu
909 3684 1012 3749 multa
1037 3687 1124 3747 sunt:
1148 3681 1230 3746 nihil

85 3791 264 3877 simplicius
294 3814 392 3876 quam
419 3793 449 3856 e't
475 3792 530 3857 tibi
552 3792 688 3873 autam
710 3793 874 3856 udsc‘rctr'or.
924 3790 1007 3855 Item
1032 3790 1103 3875 quis
1127 3790 1231 3855 incor-

84 3903 215 3983 ruptum
245 3897 380 3964 habebit
408 3920 504 3983 quem
528 3896 620 3981 Oapt
643 3895 700 3982 IV,
723 3899 758 3982 2,
785 3900 822 3962 11
848 3896 951 3963 Vetus
975 3898 1076 3962 talem
1100 3897 1231 3962 exhibet

84 4005 228 4069 numeris
252 4005 383 4089 quidem
406 4005 519 4068 nullis:

151 4112 288 4178 Eminor
312 4113 567 4196 interminorque
590 4134 631 4176 ne
656 4112 728 4196 quis
753 4113 834 4176 mihi
854 4106 1020 4177 obstiterit
1038 4110 1230 4176 obuiam-f

86 4237 151 4302 Vbi
178 4260 311 4322 perraro
340 4238 488 4322 exemplo
513 4236 638 4321 aliquid
661 4237 741 4300 vidit
765 4237 820 4321 qui
843 4239 962 4301 mutuor
986 4237 1118 4302 verbum
1141 4258 1230 4320 pror·

85 4367 139 4408 sus
168 4344 249 4409 illud
278 4345 462 4410 solitarium
491 4348 588 4428 atque
617 4343 696 4408 adeo
720 4343 857 4408 rationis
881 4366 994 4428 expers
1006 4343 1053 4428 ³¹²),
1085 4343 1168 4408 dixit
1190 4364 1229 4407 ex

192 4522 217 4589 ²⁸)
247 4521 300 4591 [Ex
327 4520 500 4575 addendis
529 4534 788 4590 p.cccxxv11sq.:
823 4519 945 4574 ‘oblitus
971 4537 1031 4573 sum
1057 4536 1112 4575 non
1138 4519 1230 4585 minus

898 4618 902 4622 '
963 4608 1017 4662 27*
