2918 5004
239 342 303 406 648
616 352 851 404 aarumrscnu
874 352 1003 401 annun.

240 499 497 565 celebrabimus?
534 498 611 565 Non
633 500 681 563 ita
704 520 796 582 sane3
821 497 877 562 sed
901 498 1067 583 ingenium
1091 495 1316 580 laudabimus,
1338 498 1393 562 sed

240 607 306 671 vim
324 605 577 691 intellegentiae,
599 604 799 685 eruditionis,
822 604 1034 688 eloquentiae,
1057 602 1114 667 sed
1133 603 1242 669 animi
1260 604 1391 668 nobilis

193 742 228 782 v1
238 714 325 779 simo
354 713 471 798 spiritu
498 711 723 778 incalescentis
752 711 912 796 vigorem,
939 711 1113 795 fervorem,
1141 713 1312 795 ardorem,
1341 711 1393 776 sed

240 820 449 886 consiliorum
477 819 729 903 generositatem
759 822 856 902 atque
880 818 1115 903 excelsitatem,
1149 819 1207 884 sed
1233 819 1395 883 sentiendi

241 926 421 1013 agendique
444 925 675 990 liberalitatem
696 947 768 990 cum
788 925 876 990 iusta
894 924 1091 990 confidentia
1109 926 1287 1008 sociatam,
1310 926 1395 991 vitae

242 1034 380 1119 denique
405 1055 594 1117 morumque
618 1033 847 1116 urbanitatem,
870 1032 1076 1118 elegantiam,
1099 1033 1396 1118 magnificentiam.

242 1143 373 1227 Ergone
397 1140 448 1205 vel
472 1140 598 1206 debitas
624 1141 733 1206 laudes
758 1140 951 1205 invidiosius
975 1144 1149 1205 extenuare
1168 1142 1223 1205 vel
1248 1163 1396 1206 reveren·

242 1249 307 1314 tiae
332 1247 439 1314 officio
464 1248 575 1313 deesse
600 1248 867 1331 existimabimur,
890 1270 963 1313 cum
987 1248 1095 1312 minus
1119 1248 1155 1313 in
1180 1249 1395 1334 generosissi-

247 1378 335 1420 mum
360 1354 543 1439 Principem
571 1358 722 1439 paternas
750 1377 849 1440 quam
876 1377 951 1419 suas
975 1355 1111 1419 virtutes
1137 1355 1257 1420 cadere
1280 1356 1396 1420 dixeri·

246 1464 341 1529 mus?
374 1461 460 1539 Quas
479 1461 619 1546 quidem,
643 1483 724 1546 quae
743 1462 923 1547 qualesquev
937 1460 1069 1527 tandem
1092 1465 1127 1526 et
1150 1466 1300 1547 quantae
1325 1463 1398 1546 sint,

243 1594 308 1637 non
338 1569 515 1655 poterimus
545 1568 593 1636 vel
624 1569 752 1654 plenius
781 1590 975 1654 cognoscere
999 1569 1050 1634 vel
1073 1570 1198 1635 rectius
1224 1571 1397 1635 aestimare

244 1701 342 1762 quam
375 1699 391 1741 e
425 1675 543 1741 diversi
577 1677 704 1762 generis
737 1678 988 1760 comparatione.
1034 1675 1280 1761 Comparare
1315 1678 1397 1742 enim

244 1786 330 1850 inter
353 1805 396 1866 se,
419 1806 501 1867 quae
521 1785 605 1848 etin
624 1784 837 1849 similitudine
857 1784 1028 1849 dissimilia
1047 1789 1134 1869 sunt,
1157 1788 1193 1849 et
1219 1785 1345 1850 similia
1367 1785 1397 1848 iu

246 1891 519 1974 dissimilitudine,
542 1891 574 1954 id
595 1913 670 1956 vero
694 1895 744 1954 est
768 1890 934 1975 eiusmodi,
958 1895 994 1954 ut
1017 1896 1050 1955 ct
1073 1891 1249 1955 hominum
1274 1895 1397 1957 mentes

245 1999 322 2063 illuc
346 1996 553 2080 potissimum
576 2020 805 2084 usquequaque
829 1998 999 2062 trahantur
1022 2001 1056 2062 et
1078 2000 1254 2082 tamquam
1279 1998 1395 2063 invitae

245 2105 428 2188 rapiantur,
461 2109 494 2169 et
520 2105 554 2168 in
584 2106 699 2190 quovis
727 2126 844 2191 genere
874 2104 1021 2170 veritatis
1045 2104 1256 2190 indagandae
1282 2106 1396 2170 certior

246 2213 298 2277 via
328 2212 470 2277 nondum
502 2213 634 2278 inventa
666 2214 718 2277 sit.
766 2211 815 2277 At
844 2234 920 2278 vero
951 2211 1051 2277 habet
1080 2212 1161 2277 haee
1196 2213 1395 2298 comparatio

247 2320 414 2385 cautiones
443 2341 532 2402 suas,
566 2343 646 2404 quas
675 2320 862 2405 priusquam
891 2319 1070 2386 accuratius
1099 2319 1284 2404 definieris,
1315 2319 1394 2384 nihil

247 2426 325 2511 fingi
358 2426 585 2511 periculosius,
617 2425 700 2490 nihil
730 2427 834 2511 magis
865 2425 1014 2511 putidum
1043 2449 1141 2511 quam
1174 2427 1262 2492 illud
1295 2427 1395 2511 ipsum

248 2532 458 2616 comparandi
478 2531 621 2596 studium
639 2537 756 2617 potest.
790 2533 838 2599 Ac
862 2533 965 2599 levius
986 2537 1044 2617 cst,
1067 2534 1154 2617 quod
1173 2534 1210 2599 in
1227 2534 1394 2599 hominurn

248 2643 333 2706 certe
361 2639 436 2704 vitis
465 2641 691 2725 comparandis
719 2662 785 2707 non
815 2639 872 2706 illa
903 2641 1011 2726 potius
1042 2642 1220 2725 spectanda
1255 2642 1395 2721 dicimus,

249 2770 330 2831 quae
359 2747 396 2811 ad
427 2746 676 2812 similitudinem
704 2746 846 2831 aliquam
873 2748 985 2813 referri
1009 2748 1149 2832 possint,
1184 2771 1289 2833 quam
1313 2751 1394 2833 ipsas

249 2853 453 2919 diversitates
483 2858 516 2920 et
542 2855 777 2939 discrepantias
807 2855 966 2921 eruendas
997 2860 1030 2919 et
1054 2854 1232 2940 diligenter
1257 2857 1345 2921 inter
1366 2877 1395 2920 se

249 2961 420 3026 distinctas
452 2967 565 3047 aperta
596 2962 630 3026 in
666 2960 736 3025 luce
769 2961 982 3027 collocandas.
1033 2961 1119 3026 Nam
1153 2961 1239 3026 illud
1273 2963 1395 3048 quidem

248 3069 375 3133 nullam
398 3068 466 3133 fere
490 3069 590 3133 habet
608 3068 929 3154 commendationem,
952 3068 1007 3133 sed
1025 3069 1218 3153 plerumque
1240 3070 1333 3135 lusus
1352 3075 1397 3135 est

250 3177 379 3260 quidam
403 3175 543 3260 ingenii3
568 3176 770 3240 fructuosum
794 3176 898 3241 solum
922 3179 974 3240 est
996 3175 1133 3240 alterum
1158 3196 1281 3261 genus,
1310 3178 1396 3259 unde,

250 3288 330 3368 quot
352 3305 511 3367 quamque
535 3283 676 3347 interae
700 3283 845 3348 diversae
869 3283 941 3349 viae
965 3284 1051 3348 vitae
1075 3282 1240 3348 humanae
1265 3290 1397 3370 pateant

250 3389 386 3454 honeste
415 3389 592 3475 degendae,
625 3390 843 3476 intellegatur.
889 3391 934 3455 Et
961 3394 1171 3475 perspexerat
1199 3391 1268 3457 hoc
1296 3395 1397 3458 iame

251 3496 413 3561 veteribus
441 3497 469 3559 is
476 3546 485 3578 ,
519 3497 609 3561 cuius
637 3497 878 3562 nobilissimum
908 3500 1014 3562 exstat
1041 3497 1230 3586 exemplum
1262 3501 1398 3566 vitarum

251 3603 336 3667 inter
365 3626 399 3667 se
422 3607 698 3688 comparatarum,
731 3603 939 3687 Plutarchus,
972 3605 1027 3689 qui
1049 3604 1248 3691 identidem,
1280 3631 1349 3674 non
1370 3606 1397 3671 id

251 3710 314 3774 sibi
337 3710 561 3793 explicandum
585 3710 700 3793 videri,
723 3710 840 3794 quibus
864 3711 941 3775 illae
966 3712 1060 3776 rebus
1084 3721 1327 3800 congruerent,
1350 3715 1398 3780 sed

251 3817 367 3900 quibus
395 3817 574 3899 differrent,
607 3818 699 3881 scite
716 3816 920 3902 significavit.
968 3816 1029 3882 Sed
1053 3818 1216 3903 gravioris
1243 3823 1398 3888 momenti

252 3926 354 3989 altera
378 3924 484 3988 cautio
509 3928 572 4006 est,
596 3946 677 4009 quae
700 3946 764 3989 non
788 3929 857 3989 tam
881 3928 1009 4009 spectat
1032 3925 1072 3990 ad
1096 3929 1317 4009 comparandi
1340 3952 1398 3994 mo

253 4032 328 4096 dum
359 4055 456 4116 quarn
486 4032 525 4094 ad
555 4031 723 4095 consilium
753 4034 980 4117 comparantia.
1027 4031 1134 4116 Atque
1159 4054 1200 4097 eo
1227 4035 1262 4100 in
1288 4058 1398 4122 genere

251 4162 316 4203 nou
347 4159 519 4221 possumus
547 4158 613 4201 non
635 4141 749 4201 notare
774 4160 907 4221 pravam
932 4137 1204 4203 consuetudinem
1230 4144 1398 4227 quandam,

253 4267 334 4328 quae
358 4245 421 4310 <lici
445 4244 558 4329 nequit
582 4266 678 4329 quam
698 4247 731 4308 et
749 4250 927 4330 pervagata
946 4246 988 4310 sit
1007 4248 1040 4309 et
1057 4245 1254 4328 perniciosa.
1280 4251 1397 4335 Quippe

253 4374 290 4415 eo
309 4353 375 4428 fere
394 4374 573 4437 propensos
593 4374 662 4416 esse
682 4352 849 4417 hominum
869 4353 994 4417 animos
1014 4351 1169 4436 videmus,
1196 4359 1235 4419 ut
1253 4356 1397 4424 binorum

253 4457 421 4523 homiuum
445 4460 529 4525 inter
553 4482 586 4524 se
611 4461 853 4544 comparatione
877 4460 974 4544 facta,
998 4463 1083 4525 uter
1105 4460 1187 4525 utri
1213 4470 1397 4548 praestet,
