2918 5004
475 341 709 397 ulrauuscus
734 342 859 388 asnaa.
897 333 901 340 ’
1172 328 1234 390 ori

91 488 199 549 autem
223 506 376 568 quaerere
399 483 486 566 licet,
510 484 585 568 quid
610 484 654 548 sit
675 506 732 549 cur
753 507 819 549 non
843 485 952 549 eadem
978 486 1086 569 parari
1106 486 1147 550 ab
1167 487 1236 550 uni-

92 591 302 656 versitatibus
326 590 395 674 pari
420 612 570 656 successu
594 593 774 675 potuerint,
801 592 993 677 praesertim
1022 580 1096 656 cum
1121 614 1160 655 ex
1182 592 1234 656 his

91 699 230 763 artifices
255 720 329 762 suos
354 701 386 761 et
409 699 538 762 fictores
562 698 637 763 illos
661 699 752 782 ipsae
777 698 969 782 academiae,
992 699 1040 762 uti
1064 702 1138 763 ante
1156 698 1235 762 dixi-

90 829 170 889 mus,
199 806 355 870 asciscere
380 805 618 870 consueverint:
651 805 747 870 modo
775 807 807 870 in
832 805 962 870 illarum
991 805 1088 870 iidem
1116 807 1171 889 qui
1199 807 1234 870 in

89 913 204 978 harum
241 912 481 977 lucubrationes
514 916 661 997 sumptus
694 912 826 996 publica
858 913 1078 979 munificentia
1110 915 1232 997 impen-

89 1020 216 1085 dantur.
944 1097 947 1104 1

44 1118 46 1121 ’
180 1125 312 1190 Habent
334 1126 428 1208 haee,
460 1147 542 1209 quae
565 1125 671 1190 adhue
694 1125 947 1210 disputavimus,
978 1127 1062 1191 hanc
1086 1128 1164 1211 vim,
1197 1133 1233 1191 ut

88 1257 157 1299 esse
181 1233 262 1298 utile
285 1231 524 1298 academiarum
547 1232 744 1315 institutum,
768 1255 832 1297 non
851 1254 921 1297 esse
939 1233 1159 1297 necessarium
1181 1233 1232 1297 de·

89 1345 304 1406 monstratum
334 1340 393 1422 sit,
421 1343 594 1423 propterea
617 1340 702 1424 quod
726 1339 863 1405 eandem
887 1341 1020 1423 prorsus
1045 1340 1232 1423 utilitatem,

88 1451 124 1512 ut
146 1448 329 1512 litterarum
352 1446 498 1530 ipsarum
523 1445 701 1511 commodis
725 1448 928 1531 consulatur,
960 1447 1079 1512 habere
1103 1447 1230 1511 uuiver-

87 1555 201 1619 sitates
226 1560 260 1620 et
284 1555 353 1619 siue
373 1553 571 1637 sumptuosis
592 1553 831 1618 academiarum
850 1553 1043 1637 ambagibus
1064 1557 1230 1636 praestare

86 1662 221 1746 possint.
266 1660 364 1726 Nune
391 1665 502 1725 autem
530 1660 661 1745 longius
690 1661 961 1746 progrediendum
990 1665 1040 1726 est
1063 1665 1096 1725 et
1118 1662 1230 1743 firmis,

86 1774 122 1834 ut
145 1768 239 1833 nobis
263 1767 403 1851 videtur,
432 1767 634 1852 argumentis
658 1768 875 1852 probandum,
904 1768 1049 1833 utiliores
1074 1768 1172 1832 etiarn
1196 1769 1230 1832 in

86 1875 220 1939 eandem
249 1879 376 1959 partem
405 1878 502 1958 atque
531 1875 766 1939 fructuosiores
796 1875 970 1940 academiis
1000 1875 1228 1940 universitates

85 1981 211 2045 futuras
240 2002 322 2062 esse,
357 1981 477 2065 quippe
504 2002 603 2065 penes
631 2003 712 2064 quas
739 2004 804 2046 nou
833 1982 893 2047 flos
922 1986 955 2046 et
978 1981 1078 2046 robur
1102 1985 1235 2051 tautum

85 2089 282 2170 litterarum,
314 2088 398 2171 quod
432 2091 529 2152 antea
561 2086 849 2172 contendebamus,
882 2089 937 2152 sed
971 2089 1159 2172 earundem,
1192 2095 1228 2154 ut

85 2195 183 2260 verbo
208 2195 420 2278 complectar,
443 2197 610 2277 tamquam
635 2193 684 2258 vis
708 2193 820 2258 vitalis
844 2195 896 2261 eit.
943 2195 1095 2260 Cernitur
1119 2201 1227 2262 autem

86 2302 165 2366 haec
187 2301 277 2365 nulla
301 2301 366 2366 alia
388 2302 422 2365 in
445 2322 490 2383 re,
513 2300 578 2364 nisi
597 2299 683 2384 quod
702 2300 736 2364 in
755 2300 1024 2366 universitatibus
1043 2303 1226 2369 litterarum

84 2396 237 2473 tractatio
262 2413 389 2473 etcum
413 2409 498 2473 vitae
521 2408 634 2472 usibus
659 2412 692 2473 et
715 2429 788 2472 cum
811 2408 1025 2474 adolescentis
1049 2410 1226 2477 iuventutis

84 2516 308 2580 communione
332 2516 428 2601 louge
452 2515 666 2580 saluberrimo
691 2515 817 2581 vinculo
841 2516 1040 2600 continetur,
1068 2520 1226 2602 aquibus

84 2622 274 2706 longissime
309 2622 482 2686 abhorrere
515 2621 751 2686 academia-rum
785 2622 990 2707 magnificam
1018 2624 1226 2689 solitudinem

83 2735 221 2795 constat.
266 2730 341 2794 Non
365 2752 420 2794 cos
445 2729 516 2795 dico
540 2730 626 2794 vitae
650 2752 741 2813 usus,
772 2731 826 2814 qui
850 2730 926 2793 dum
950 2731 990 2794 ad
1014 2731 1226 2814 opificiorum,

83 2836 351 2902 commerciorum
374 2835 639 2921 negotiorumque
663 2836 833 2901 commoda
851 2840 1009 2920 spectant,
1032 2838 1065 2901 in
1089 2842 1225 2921 quaestu

82 2944 237 3028 lucroque
269 2944 398 3027 privato
430 2946 599 3007 versantur
628 2943 724 3028 inque
753 2943 904 3007 humanis
935 2942 1084 3008 sordibus
1116 2944 1224 3028 ipsum

81 3052 178 3114 finem
206 3050 366 3115 bonorum
394 3055 564 3134 quaerunt:
597 3050 654 3114 sed
682 3051 721 3114 de
748 3049 789 3113 iis
817 3049 940 3134 cogito,
971 3051 1027 3134 qui
1051 3051 1089 3114 ad
1114 3074 1223 3116 veram

83 3157 222 3222 salutem
248 3157 392 3222 civitatis
415 3156 599 3241 diriguntur
620 3156 780 3240 huiusque
804 3156 968 3239 sapienter
991 3157 1162 3240 curandae,
1186 3158 1223 3222 li·

82 3263 238 3328 beraliter
273 3262 562 3347 administrandae,
594 3263 723 3328 fortiter
761 3263 970 3327 vindicandae
1007 3267 1154 3329 auctores
1192 3269 1224 3329 et

83 3370 243 3452 custodes,
266 3371 468 3454 virtutisque,
492 3369 685 3453 honestatis,
708 3370 865 3452 veritatiS,
888 3369 1110 3456 humanitatis,
1133 3372 1223 3436 iusti-

82 3477 147 3541 tiae
176 3498 265 3542 acres
293 3481 551 3562 propugnatores
580 3477 748 3561 effingunt.
793 3475 865 3541 Huc
894 3479 1003 3542 autem
1030 3481 1067 3541 ut
1094 3478 1222 3542 litterae

80 3584 225 3667 valeant,
252 3606 319 3648 non
346 3585 468 3670 poterit
496 3605 650 3668 umquam
673 3583 736 3647 nisi
758 3583 946 3649 consociata
969 3605 1041 3647 cum
1065 3582 1221 3647 meditan-

82 3692 164 3755 tium
180 3695 212 3755 et
230 3692 518 3757 commentantium
538 3691 685 3775 personis
704 3710 861 3775 generosa
880 3689 1087 3772 discendique
1106 3689 1223 3771 cupida

79 3796 247 3861 iuventute
270 3798 367 3863 effici:
392 3799 480 3863 cuius
505 3798 616 3883 vigore
642 3801 674 3862 et
692 3798 893 3881 ingenuitate
911 3801 1042 3880 certam,
1065 3796 1221 3880 adquam

80 3926 115 3968 se
138 3903 267 3989 dirigat,
290 3927 438 3970 normam
460 3909 558 3970 nacta
581 3905 756 3969 revirescat
779 3925 906 3987 semper
929 3907 1152 3988 recreeturque
1176 3904 1221 3967 fa-

80 4010 140 4074 cile
165 4032 337 4076 canescens
361 4011 517 4077 doctrina
655 4081 657 4086 A

168 4116 252 4193 Quid
280 4118 411 4182 autem?
447 4138 554 4182 nonne
583 4118 615 4182 id
641 4118 748 4201 ipsum
778 4118 884 4201 questi
911 4139 1022 4181 eumue
1050 4117 1091 4180 ab
1116 4116 1221 4199 initio,

79 4225 164 4308 quod
193 4225 291 4290 nimis
322 4205 419 4289 inter¹
436 4246 470 4288 ee
501 4224 680 4289 dissideant
710 4221 839 4289 litteras
869 4222 1269 4306 docendieasdemque1x

78 4331 244 4396 excolendi
271 4353 419 4416 munera,
448 4354 545 4416 quam
573 4353 655 4416 quae
684 4332 753 4395 sine
782 4331 926 4416 ipsarum
954 4329 1147 4393 detrimento
1174 4329 1221 4393 ni·
1287 4346 1289 4350 ·

79 4438 209 4523 mioque
227 4438 279 4505 vel
298 4438 483 4504 docentium
502 4438 553 4502 vel
572 4437 785 4503 scribentium
803 4436 1034 4521 impedimento
1054 4435 1221 4501 commode
