<?xml version="1.0" encoding="UTF-8"?>
<!DOCTYPE html PUBLIC "-//W3C//DTD XHTML 1.0 Transitional//EN"
    "http://www.w3.org/TR/xhtml1/DTD/xhtml1-transitional.dtd">
<html xmlns="http://www.w3.org/1999/xhtml" xml:lang="en" lang="en">
 <head>
  <title>
</title>
<meta http-equiv="Content-Type" content="text/html;charset=utf-8" />
  <meta name='ocr-system' content='tesseract 3.04.00' />
  <meta name='ocr-capabilities' content='ocr_page ocr_carea ocr_par ocr_line ocrx_word'/>
</head>
<body>
  <div class='ocr_page' id='page_1' title='image "./fridericiritsch05wachgoog_0652.png"; bbox 0 0 2918 5004; ppageno 0'>
   <div class='ocr_carea' id='block_1_1' title="bbox 481 379 864 428">
    <p class='ocr_par' dir='ltr' id='par_1_1' title="bbox 481 379 864 428">
     <span class='ocr_line' id='line_1_1' title="bbox 481 379 864 428; baseline 0.003 -2"><span class='ocrx_word' id='word_1_1' title='bbox 481 379 712 428; x_wconf 75' lang='lat' dir='ltr'><strong>Larulnlscan</strong></span> <span class='ocrx_word' id='word_1_2' title='bbox 737 381 864 427; x_wconf 81' lang='lat' dir='ltr'><strong>RBDEN.</strong></span> 
     </span>
    </p>
   </div>
   <div class='ocr_carea' id='block_1_2' title="bbox 75 521 1244 2643">
    <p class='ocr_par' dir='ltr' id='par_1_2' title="bbox 75 521 1244 2643">
     <span class='ocr_line' id='line_1_2' title="bbox 98 521 1241 608; baseline 0.002 -23"><span class='ocrx_word' id='word_1_3' title='bbox 98 521 289 607; x_wconf 76' lang='lat' dir='ltr'><strong>magistrae,</strong></span> <span class='ocrx_word' id='word_1_4' title='bbox 316 522 488 587; x_wconf 89' lang='lat' dir='ltr'><strong>mirificam</strong></span> <span class='ocrx_word' id='word_1_5' title='bbox 518 524 659 607; x_wconf 90' lang='lat' dir='ltr'><strong>copiam,</strong></span> <span class='ocrx_word' id='word_1_6' title='bbox 689 525 893 608; x_wconf 82' lang='lat' dir='ltr'><strong>varietatem,</strong></span> <span class='ocrx_word' id='word_1_7' title='bbox 918 524 1184 608; x_wconf 77' lang='lat' dir='ltr'><strong>concinnitatem,</strong></span> <span class='ocrx_word' id='word_1_8' title='bbox 1208 525 1241 588; x_wconf 93' lang='lat' dir='ltr'><strong>et</strong></span> 
     </span>
     <span class='ocr_line' id='line_1_3' title="bbox 96 628 1240 716; baseline 0.003 -24"><span class='ocrx_word' id='word_1_9' title='bbox 96 632 133 693; x_wconf 89' lang='lat' dir='ltr'><strong>ut</strong></span> <span class='ocrx_word' id='word_1_10' title='bbox 150 633 318 713; x_wconf 88' lang='lat' dir='ltr'><strong>tamquam</strong></span> <span class='ocrx_word' id='word_1_11' title='bbox 342 629 381 693; x_wconf 88' lang='lat' dir='ltr'><strong>de</strong></span> <span class='ocrx_word' id='word_1_12' title='bbox 404 628 477 693; x_wconf 82' lang='lat' dir='ltr'><strong>viva</strong></span> <span class='ocrx_word' id='word_1_13' title='bbox 500 631 659 715; x_wconf 83' lang='lat' dir='ltr'><strong>magistra</strong></span> <span class='ocrx_word' id='word_1_14' title='bbox 683 631 808 716; x_wconf 90' lang='lat' dir='ltr'><strong>loquar,</strong></span> <span class='ocrx_word' id='word_1_15' title='bbox 832 631 1049 716; x_wconf 81' lang='lat' dir='ltr'><strong>sapientiam?</strong></span> <span class='ocrx_word' id='word_1_16' title='bbox 1082 630 1145 696; x_wconf 87' lang='lat' dir='ltr'><strong>Sed</strong></span> <span class='ocrx_word' id='word_1_17' title='bbox 1168 654 1240 696; x_wconf 89' lang='lat' dir='ltr'><strong>cum</strong></span> 
     </span>
     <span class='ocr_line' id='line_1_4' title="bbox 96 735 1241 822; baseline 0.002 -22"><span class='ocrx_word' id='word_1_18' title='bbox 96 758 132 800; x_wconf 87' lang='lat' dir='ltr'><strong>er</strong></span> <span class='ocrx_word' id='word_1_19' title='bbox 162 735 223 800; x_wconf 92' lang='lat' dir='ltr'><strong>hac</strong></span> <span class='ocrx_word' id='word_1_20' title='bbox 250 739 357 820; x_wconf 89' lang='lat' dir='ltr'><strong>parte,</strong></span> <span class='ocrx_word' id='word_1_21' title='bbox 383 757 466 821; x_wconf 89' lang='lat' dir='ltr'><strong>quae</strong></span> <span class='ocrx_word' id='word_1_22' title='bbox 495 737 598 801; x_wconf 88' lang='lat' dir='ltr'><strong>altera</strong></span> <span class='ocrx_word' id='word_1_23' title='bbox 626 741 676 801; x_wconf 90' lang='lat' dir='ltr'><strong>est</strong></span> <span class='ocrx_word' id='word_1_24' title='bbox 699 760 738 801; x_wconf 86' lang='lat' dir='ltr'><strong>ex</strong></span> <span class='ocrx_word' id='word_1_25' title='bbox 761 737 899 820; x_wconf 90' lang='lat' dir='ltr'><strong>duabus,</strong></span> <span class='ocrx_word' id='word_1_26' title='bbox 927 738 1133 822; x_wconf 77' lang='lat' dir='ltr'><strong>antiquitatis</strong></span> <span class='ocrx_word' id='word_1_27' title='bbox 1157 742 1241 802; x_wconf 90' lang='lat' dir='ltr'><strong>trac-</strong></span> 
     </span>
     <span class='ocr_line' id='line_1_5' title="bbox 96 842 1240 930; baseline -0.001 -21"><span class='ocrx_word' id='word_1_28' title='bbox 96 844 177 909; x_wconf 87' lang='lat' dir='ltr'><strong>tatio</strong></span> <span class='ocrx_word' id='word_1_29' title='bbox 192 865 243 907; x_wconf 91' lang='lat' dir='ltr'><strong>me</strong></span> <span class='ocrx_word' id='word_1_30' title='bbox 258 842 362 908; x_wconf 87' lang='lat' dir='ltr'><strong>iudice</strong></span> <span class='ocrx_word' id='word_1_31' title='bbox 386 847 526 928; x_wconf 86' lang='lat' dir='ltr'><strong>aequet</strong></span> <span class='ocrx_word' id='word_1_32' title='bbox 548 845 772 910; x_wconf 87' lang='lat' dir='ltr'><strong>tantummodo</strong></span> <span class='ocrx_word' id='word_1_33' title='bbox 787 846 924 910; x_wconf 88' lang='lat' dir='ltr'><strong>aliarum</strong></span> <span class='ocrx_word' id='word_1_34' title='bbox 939 845 1119 910; x_wconf 86' lang='lat' dir='ltr'><strong>litterarum</strong></span> <span class='ocrx_word' id='word_1_35' title='bbox 1135 845 1240 930; x_wconf 85' lang='lat' dir='ltr'><strong>digni-</strong></span> 
     </span>
     <span class='ocr_line' id='line_1_6' title="bbox 97 951 1242 1037; baseline 0.002 -23"><span class='ocrx_word' id='word_1_36' title='bbox 97 955 211 1034; x_wconf 85' lang='lat' dir='ltr'><strong>tatem,</strong></span> <span class='ocrx_word' id='word_1_37' title='bbox 235 953 348 1014; x_wconf 87' lang='lat' dir='ltr'><strong>eontra</strong></span> <span class='ocrx_word' id='word_1_38' title='bbox 372 972 409 1014; x_wconf 84' lang='lat' dir='ltr'><strong>ex</strong></span> <span class='ocrx_word' id='word_1_39' title='bbox 434 951 537 1014; x_wconf 85' lang='lat' dir='ltr'><strong>altera</strong></span> <span class='ocrx_word' id='word_1_40' title='bbox 561 957 653 1036; x_wconf 91' lang='lat' dir='ltr'><strong>parte</strong></span> <span class='ocrx_word' id='word_1_41' title='bbox 678 975 769 1016; x_wconf 90' lang='lat' dir='ltr'><strong>suam</strong></span> <span class='ocrx_word' id='word_1_42' title='bbox 794 953 856 1016; x_wconf 88' lang='lat' dir='ltr'><strong>sibi</strong></span> <span class='ocrx_word' id='word_1_43' title='bbox 880 954 1116 1037; x_wconf 84' lang='lat' dir='ltr'><strong>praestantiam</strong></span> <span class='ocrx_word' id='word_1_44' title='bbox 1141 976 1242 1037; x_wconf 90' lang='lat' dir='ltr'><strong>quan-</strong></span> 
     </span>
     <span class='ocr_line' id='line_1_7' title="bbox 97 1057 1242 1144; baseline 0.002 -23"><span class='ocrx_word' id='word_1_45' title='bbox 97 1057 170 1122; x_wconf 92' lang='lat' dir='ltr'><strong>dam</strong></span> <span class='ocrx_word' id='word_1_46' title='bbox 190 1057 334 1122; x_wconf 83' lang='lat' dir='ltr'><strong>vindicat</strong></span> <span class='ocrx_word' id='word_1_47' title='bbox 352 1058 517 1141; x_wconf 88' lang='lat' dir='ltr'><strong>propriam</strong></span> <span class='ocrx_word' id='word_1_48' title='bbox 538 1081 576 1123; x_wconf 90' lang='lat' dir='ltr'><strong>ae</strong></span> <span class='ocrx_word' id='word_1_49' title='bbox 592 1059 799 1143; x_wconf 86' lang='lat' dir='ltr'><strong>peculiarem,</strong></span> <span class='ocrx_word' id='word_1_50' title='bbox 817 1060 908 1125; x_wconf 89' lang='lat' dir='ltr'><strong>cuius</strong></span> <span class='ocrx_word' id='word_1_51' title='bbox 923 1061 1021 1125; x_wconf 88' lang='lat' dir='ltr'><strong>aliam</strong></span> <span class='ocrx_word' id='word_1_52' title='bbox 1036 1061 1242 1144; x_wconf 85' lang='lat' dir='ltr'><strong>disciplinam</strong></span> 
     </span>
     <span class='ocr_line' id='line_1_8' title="bbox 96 1163 1243 1253; baseline 0.003 -26"><span class='ocrx_word' id='word_1_53' title='bbox 96 1163 220 1228; x_wconf 88' lang='lat' dir='ltr'><strong>nullam</strong></span> <span class='ocrx_word' id='word_1_54' title='bbox 245 1165 371 1248; x_wconf 89' lang='lat' dir='ltr'><strong>patitur</strong></span> <span class='ocrx_word' id='word_1_55' title='bbox 394 1166 556 1231; x_wconf 89' lang='lat' dir='ltr'><strong>vicariam.</strong></span> <span class='ocrx_word' id='word_1_56' title='bbox 593 1165 702 1250; x_wconf 81' lang='lat' dir='ltr'><strong>Atque</strong></span> <span class='ocrx_word' id='word_1_57' title='bbox 720 1167 800 1231; x_wconf 87' lang='lat' dir='ltr'><strong>haec</strong></span> <span class='ocrx_word' id='word_1_58' title='bbox 819 1171 889 1232; x_wconf 89' lang='lat' dir='ltr'><strong>tota</strong></span> <span class='ocrx_word' id='word_1_59' title='bbox 907 1168 1026 1251; x_wconf 89' lang='lat' dir='ltr'><strong>pendet</strong></span> <span class='ocrx_word' id='word_1_60' title='bbox 1049 1190 1088 1232; x_wconf 87' lang='lat' dir='ltr'><strong>ex</strong></span> <span class='ocrx_word' id='word_1_61' title='bbox 1111 1167 1243 1253; x_wconf 81' lang='lat' dir='ltr'><strong>linguis,</strong></span> 
     </span>
     <span class='ocr_line' id='line_1_9' title="bbox 98 1270 1243 1358; baseline 0.003 -24"><span class='ocrx_word' id='word_1_62' title='bbox 98 1270 299 1354; x_wconf 88' lang='lat' dir='ltr'><strong>referturque</strong></span> <span class='ocrx_word' id='word_1_63' title='bbox 329 1276 399 1337; x_wconf 84' lang='lat' dir='ltr'><strong>tota</strong></span> <span class='ocrx_word' id='word_1_64' title='bbox 427 1273 466 1337; x_wconf 91' lang='lat' dir='ltr'><strong>ad</strong></span> <span class='ocrx_word' id='word_1_65' title='bbox 495 1276 635 1338; x_wconf 89' lang='lat' dir='ltr'><strong>mentem</strong></span> <span class='ocrx_word' id='word_1_66' title='bbox 664 1274 871 1339; x_wconf 86' lang='lat' dir='ltr'><strong>excolendam</strong></span> <span class='ocrx_word' id='word_1_67' title='bbox 896 1273 1136 1358; x_wconf 90' lang='lat' dir='ltr'><strong>acuendumque</strong></span> <span class='ocrx_word' id='word_1_68' title='bbox 1160 1274 1243 1338; x_wconf 92' lang='lat' dir='ltr'><strong>iudi-</strong></span> 
     </span>
     <span class='ocr_line' id='line_1_10' title="bbox 100 1379 1243 1466; baseline 0.001 -22"><span class='ocrx_word' id='word_1_69' title='bbox 100 1379 194 1444; x_wconf 89' lang='lat' dir='ltr'><strong>cium.</strong></span> <span class='ocrx_word' id='word_1_70' title='bbox 240 1379 311 1444; x_wconf 92' lang='lat' dir='ltr'><strong>Hoc</strong></span> <span class='ocrx_word' id='word_1_71' title='bbox 335 1382 420 1446; x_wconf 90' lang='lat' dir='ltr'><strong>enim</strong></span> <span class='ocrx_word' id='word_1_72' title='bbox 444 1381 524 1447; x_wconf 92' lang='lat' dir='ltr'><strong>illud</strong></span> <span class='ocrx_word' id='word_1_73' title='bbox 549 1385 612 1464; x_wconf 87' lang='lat' dir='ltr'><strong>est,</strong></span> <span class='ocrx_word' id='word_1_74' title='bbox 641 1381 814 1466; x_wconf 91' lang='lat' dir='ltr'><strong>quodiam</strong></span> <span class='ocrx_word' id='word_1_75' title='bbox 843 1381 1057 1465; x_wconf 88' lang='lat' dir='ltr'><strong>complurium</strong></span> <span class='ocrx_word' id='word_1_76' title='bbox 1086 1381 1243 1446; x_wconf 87' lang='lat' dir='ltr'><strong>memoria</strong></span> 
     </span>
     <span class='ocr_line' id='line_1_11' title="bbox 99 1487 1242 1575; baseline 0.004 -26"><span class='ocrx_word' id='word_1_77' title='bbox 99 1487 314 1571; x_wconf 86' lang='lat' dir='ltr'><strong>saeculorum,</strong></span> <span class='ocrx_word' id='word_1_78' title='bbox 345 1489 430 1574; x_wconf 90' lang='lat' dir='ltr'><strong>quod</strong></span> <span class='ocrx_word' id='word_1_79' title='bbox 463 1491 536 1574; x_wconf 90' lang='lat' dir='ltr'><strong>ipsa</strong></span> <span class='ocrx_word' id='word_1_80' title='bbox 566 1489 856 1554; x_wconf 86' lang='lat' dir='ltr'><strong>contradicentium</strong></span> <span class='ocrx_word' id='word_1_81' title='bbox 887 1489 1029 1573; x_wconf 87' lang='lat' dir='ltr'><strong>adeoque</strong></span> <span class='ocrx_word' id='word_1_82' title='bbox 1063 1511 1242 1575; x_wconf 82' lang='lat' dir='ltr'><strong>repugnan-</strong></span> 
     </span>
     <span class='ocr_line' id='line_1_12' title="bbox 97 1575 1243 1680; baseline 0.003 -23"><span class='ocrx_word' id='word_1_83' title='bbox 97 1593 181 1658; x_wconf 91' lang='lat' dir='ltr'><strong>tium</strong></span> <span class='ocrx_word' id='word_1_84' title='bbox 214 1598 248 1658; x_wconf 92' lang='lat' dir='ltr'><strong>et</strong></span> <span class='ocrx_word' id='word_1_85' title='bbox 279 1575 405 1661; x_wconf 85' lang='lat' dir='ltr'><strong>diversa</strong></span> <span class='ocrx_word' id='word_1_86' title='bbox 443 1596 712 1662; x_wconf 87' lang='lat' dir='ltr'><strong>substituentium</strong></span> <span class='ocrx_word' id='word_1_87' title='bbox 752 1597 922 1661; x_wconf 89' lang='lat' dir='ltr'><strong>molimina</strong></span> <span class='ocrx_word' id='word_1_88' title='bbox 954 1601 1116 1662; x_wconf 89' lang='lat' dir='ltr'><strong>testantur</strong></span> <span class='ocrx_word' id='word_1_89' title='bbox 1148 1597 1243 1680; x_wconf 87' lang='lat' dir='ltr'><strong>longe</strong></span> 
     </span>
     <span class='ocr_line' id='line_1_13' title="bbox 100 1701 1242 1786; baseline 0.003 -22"><span class='ocrx_word' id='word_1_90' title='bbox 100 1701 357 1766; x_wconf 89' lang='lat' dir='ltr'><strong>luculentissimo</strong></span> <span class='ocrx_word' id='word_1_91' title='bbox 376 1703 579 1785; x_wconf 88' lang='lat' dir='ltr'><strong>documento,</strong></span> <span class='ocrx_word' id='word_1_92' title='bbox 597 1706 634 1767; x_wconf 91' lang='lat' dir='ltr'><strong>ut</strong></span> <span class='ocrx_word' id='word_1_93' title='bbox 654 1703 855 1786; x_wconf 88' lang='lat' dir='ltr'><strong>exploratum</strong></span> <span class='ocrx_word' id='word_1_94' title='bbox 874 1701 1065 1766; x_wconf 85' lang='lat' dir='ltr'><strong>habeamus:</strong></span> <span class='ocrx_word' id='word_1_95' title='bbox 1088 1705 1157 1766; x_wconf 90' lang='lat' dir='ltr'><strong>tam</strong></span> <span class='ocrx_word' id='word_1_96' title='bbox 1176 1702 1242 1767; x_wconf 90' lang='lat' dir='ltr'><strong>ido·</strong></span> 
     </span>
     <span class='ocr_line' id='line_1_14' title="bbox 97 1806 1242 1893; baseline 0.003 -23"><span class='ocrx_word' id='word_1_97' title='bbox 97 1828 203 1889; x_wconf 91' lang='lat' dir='ltr'><strong>neum,</strong></span> <span class='ocrx_word' id='word_1_98' title='bbox 227 1830 324 1891; x_wconf 88' lang='lat' dir='ltr'><strong>quam</strong></span> <span class='ocrx_word' id='word_1_99' title='bbox 346 1808 502 1892; x_wconf 86' lang='lat' dir='ltr'><strong>linguae</strong></span> <span class='ocrx_word' id='word_1_100' title='bbox 518 1807 660 1872; x_wconf 86' lang='lat' dir='ltr'><strong>Graecae</strong></span> <span class='ocrx_word' id='word_1_101' title='bbox 675 1806 874 1892; x_wconf 87' lang='lat' dir='ltr'><strong>Latinaeque</strong></span> <span class='ocrx_word' id='word_1_102' title='bbox 893 1808 1131 1891; x_wconf 87' lang='lat' dir='ltr'><strong>tractationem,</strong></span> <span class='ocrx_word' id='word_1_103' title='bbox 1154 1830 1242 1893; x_wconf 88' lang='lat' dir='ltr'><strong>repe·</strong></span> 
     </span>
     <span class='ocr_line' id='line_1_15' title="bbox 97 1914 1241 1999; baseline 0.002 -22"><span class='ocrx_word' id='word_1_104' title='bbox 97 1914 155 1978; x_wconf 94' lang='lat' dir='ltr'><strong>riri</strong></span> <span class='ocrx_word' id='word_1_105' title='bbox 178 1916 328 1979; x_wconf 92' lang='lat' dir='ltr'><strong>nullum</strong></span> <span class='ocrx_word' id='word_1_106' title='bbox 347 1916 606 1997; x_wconf 88' lang='lat' dir='ltr'><strong>instrumentum,</strong></span> <span class='ocrx_word' id='word_1_107' title='bbox 632 1937 695 1999; x_wconf 94' lang='lat' dir='ltr'><strong>quo</strong></span> <span class='ocrx_word' id='word_1_108' title='bbox 712 1920 848 1978; x_wconf 88' lang='lat' dir='ltr'><strong>naturae</strong></span> <span class='ocrx_word' id='word_1_109' title='bbox 866 1915 1020 1980; x_wconf 90' lang='lat' dir='ltr'><strong>beneficio</strong></span> <span class='ocrx_word' id='word_1_110' title='bbox 1036 1914 1127 1979; x_wconf 88' lang='lat' dir='ltr'><strong>insiti</strong></span> <span class='ocrx_word' id='word_1_111' title='bbox 1141 1916 1241 1980; x_wconf 90' lang='lat' dir='ltr'><strong>ment&#39;</strong></span> 
     </span>
     <span class='ocr_line' id='line_1_16' title="bbox 97 2020 1244 2106; baseline 0.002 -21"><span class='ocrx_word' id='word_1_112' title='bbox 97 2022 231 2106; x_wconf 81' lang='lat' dir='ltr'><strong>igniculi</strong></span> <span class='ocrx_word' id='word_1_113' title='bbox 260 2023 388 2087; x_wconf 92' lang='lat' dir='ltr'><strong>cuncti</strong></span> <span class='ocrx_word' id='word_1_114' title='bbox 423 2023 601 2086; x_wconf 84' lang='lat' dir='ltr'><strong>excitentur</strong></span> <span class='ocrx_word' id='word_1_115' title='bbox 625 2025 657 2086; x_wconf 87' lang='lat' dir='ltr'><strong>et</strong></span> <span class='ocrx_word' id='word_1_116' title='bbox 680 2020 864 2103; x_wconf 87' lang='lat' dir='ltr'><strong>foveantur,</strong></span> <span class='ocrx_word' id='word_1_117' title='bbox 896 2025 1044 2105; x_wconf 88' lang='lat' dir='ltr'><strong>recteque</strong></span> <span class='ocrx_word' id='word_1_118' title='bbox 1068 2023 1244 2087; x_wconf 83' lang='lat' dir='ltr'><strong>exercitata</strong></span> 
     </span>
     <span class='ocr_line' id='line_1_17' title="bbox 98 2129 1243 2215; baseline 0 -23"><span class='ocrx_word' id='word_1_119' title='bbox 98 2130 264 2215; x_wconf 80' lang='lat' dir='ltr'><strong>cogitandi</strong></span> <span class='ocrx_word' id='word_1_120' title='bbox 296 2129 522 2214; x_wconf 89' lang='lat' dir='ltr'><strong>iudicandique</strong></span> <span class='ocrx_word' id='word_1_121' title='bbox 552 2130 692 2195; x_wconf 84' lang='lat' dir='ltr'><strong>facultas</strong></span> <span class='ocrx_word' id='word_1_122' title='bbox 724 2130 764 2194; x_wconf 90' lang='lat' dir='ltr'><strong>ad</strong></span> <span class='ocrx_word' id='word_1_123' title='bbox 795 2130 927 2215; x_wconf 83' lang='lat' dir='ltr'><strong>quosvis</strong></span> <span class='ocrx_word' id='word_1_124' title='bbox 958 2131 1026 2195; x_wconf 87' lang='lat' dir='ltr'><strong>sive</strong></span> <span class='ocrx_word' id='word_1_125' title='bbox 1056 2130 1142 2194; x_wconf 87' lang='lat' dir='ltr'><strong>vitae</strong></span> <span class='ocrx_word' id='word_1_126' title='bbox 1176 2130 1243 2193; x_wconf 88' lang='lat' dir='ltr'><strong>sive</strong></span> 
     </span>
     <span class='ocr_line' id='line_1_18' title="bbox 97 2235 1243 2322; baseline 0.002 -23"><span class='ocrx_word' id='word_1_127' title='bbox 97 2235 279 2300; x_wconf 84' lang='lat' dir='ltr'><strong>litterarum</strong></span> <span class='ocrx_word' id='word_1_128' title='bbox 310 2240 343 2300; x_wconf 90' lang='lat' dir='ltr'><strong>et</strong></span> <span class='ocrx_word' id='word_1_129' title='bbox 373 2237 492 2301; x_wconf 88' lang='lat' dir='ltr'><strong>artium</strong></span> <span class='ocrx_word' id='word_1_130' title='bbox 526 2237 808 2322; x_wconf 88' lang='lat' dir='ltr'><strong>qualiumcumque</strong></span> <span class='ocrx_word' id='word_1_131' title='bbox 836 2260 913 2302; x_wconf 90' lang='lat' dir='ltr'><strong>usus</strong></span> <span class='ocrx_word' id='word_1_132' title='bbox 946 2236 1162 2321; x_wconf 87' lang='lat' dir='ltr'><strong>aequabiliter</strong></span> <span class='ocrx_word' id='word_1_133' title='bbox 1193 2257 1243 2301; x_wconf 89' lang='lat' dir='ltr'><strong>ac-</strong></span> 
     </span>
     <span class='ocr_line' id='line_1_19' title="bbox 100 2341 1244 2426; baseline -0.002 -18"><span class='ocrx_word' id='word_1_134' title='bbox 100 2342 328 2408; x_wconf 88' lang='lat' dir='ltr'><strong>commodetur.</strong></span> <span class='ocrx_word' id='word_1_135' title='bbox 376 2341 474 2408; x_wconf 82' lang='lat' dir='ltr'><strong>Ouius</strong></span> <span class='ocrx_word' id='word_1_136' title='bbox 499 2344 680 2409; x_wconf 88' lang='lat' dir='ltr'><strong>sententiae</strong></span> <span class='ocrx_word' id='word_1_137' title='bbox 703 2345 874 2410; x_wconf 86' lang='lat' dir='ltr'><strong>veritatem</strong></span> <span class='ocrx_word' id='word_1_138' title='bbox 902 2367 962 2409; x_wconf 90' lang='lat' dir='ltr'><strong>nec</strong></span> <span class='ocrx_word' id='word_1_139' title='bbox 985 2345 1058 2409; x_wconf 87' lang='lat' dir='ltr'><strong>volo</strong></span> <span class='ocrx_word' id='word_1_140' title='bbox 1087 2363 1184 2426; x_wconf 90' lang='lat' dir='ltr'><strong>nunc,</strong></span> <span class='ocrx_word' id='word_1_141' title='bbox 1207 2347 1244 2406; x_wconf 93' lang='lat' dir='ltr'><strong>ut</strong></span> 
     </span>
     <span class='ocr_line' id='line_1_20' title="bbox 75 2449 1244 2536; baseline -0.002 -22"><span class='ocrx_word' id='word_1_142' title='bbox 75 2450 162 2514; x_wconf 85' lang='lat' dir='ltr'><strong>&#39;iam</strong></span> <span class='ocrx_word' id='word_1_143' title='bbox 190 2451 230 2515; x_wconf 90' lang='lat' dir='ltr'><strong>ab</strong></span> <span class='ocrx_word' id='word_1_144' title='bbox 258 2450 352 2516; x_wconf 90' lang='lat' dir='ltr'><strong>initio</strong></span> <span class='ocrx_word' id='word_1_145' title='bbox 382 2451 578 2536; x_wconf 82' lang='lat' dir='ltr'><strong>significavi,</strong></span> <span class='ocrx_word' id='word_1_146' title='bbox 605 2474 664 2517; x_wconf 91' lang='lat' dir='ltr'><strong>nec</strong></span> <span class='ocrx_word' id='word_1_147' title='bbox 693 2453 720 2516; x_wconf 92' lang='lat' dir='ltr'><strong>si</strong></span> <span class='ocrx_word' id='word_1_148' title='bbox 749 2452 845 2516; x_wconf 83' lang='lat' dir='ltr'><strong>velim</strong></span> <span class='ocrx_word' id='word_1_149' title='bbox 875 2473 1009 2535; x_wconf 87' lang='lat' dir='ltr'><strong>possum</strong></span> <span class='ocrx_word' id='word_1_150' title='bbox 1033 2472 1089 2534; x_wconf 88' lang='lat' dir='ltr'><strong>per</strong></span> <span class='ocrx_word' id='word_1_151' title='bbox 1113 2449 1244 2534; x_wconf 88' lang='lat' dir='ltr'><strong>singula</strong></span> 
     </span>
     <span class='ocr_line' id='line_1_21' title="bbox 98 2555 1242 2643; baseline -0.003 -22"><span class='ocrx_word' id='word_1_152' title='bbox 98 2558 207 2641; x_wconf 89' lang='lat' dir='ltr'><strong>capita</strong></span> <span class='ocrx_word' id='word_1_153' title='bbox 233 2559 396 2642; x_wconf 88' lang='lat' dir='ltr'><strong>persequi:</strong></span> <span class='ocrx_word' id='word_1_154' title='bbox 424 2581 482 2624; x_wconf 90' lang='lat' dir='ltr'><strong>nee</strong></span> <span class='ocrx_word' id='word_1_155' title='bbox 511 2581 586 2628; x_wconf 82' lang='lat' dir='ltr'><strong>vero</strong></span> <span class='ocrx_word' id='word_1_156' title='bbox 615 2558 729 2643; x_wconf 89' lang='lat' dir='ltr'><strong>debeo,</strong></span> <span class='ocrx_word' id='word_1_157' title='bbox 758 2580 830 2623; x_wconf 91' lang='lat' dir='ltr'><strong>cum</strong></span> <span class='ocrx_word' id='word_1_158' title='bbox 858 2557 939 2621; x_wconf 94' lang='lat' dir='ltr'><strong>nihil</strong></span> <span class='ocrx_word' id='word_1_159' title='bbox 964 2555 1044 2620; x_wconf 91' lang='lat' dir='ltr'><strong>mihi</strong></span> <span class='ocrx_word' id='word_1_160' title='bbox 1067 2555 1242 2620; x_wconf 88' lang='lat' dir='ltr'><strong>secundum</strong></span> 
     </span>
    </p>
   </div>
   <div class='ocr_carea' id='block_1_3' title="bbox 98 2663 1335 2749">
    <p class='ocr_par' dir='ltr' id='par_1_3' title="bbox 98 2663 1335 2749">
     <span class='ocr_line' id='line_1_22' title="bbox 98 2663 1335 2749; baseline -0.002 -21"><span class='ocrx_word' id='word_1_161' title='bbox 98 2686 150 2746; x_wconf 89' lang='lat' dir='ltr'><strong>ea,</strong></span> <span class='ocrx_word' id='word_1_162' title='bbox 182 2686 264 2749; x_wconf 88' lang='lat' dir='ltr'><strong>quae</strong></span> <span class='ocrx_word' id='word_1_163' title='bbox 296 2687 367 2729; x_wconf 90' lang='lat' dir='ltr'><strong>surn</strong></span> <span class='ocrx_word' id='word_1_164' title='bbox 398 2688 497 2749; x_wconf 89' lang='lat' dir='ltr'><strong>supra</strong></span> <span class='ocrx_word' id='word_1_165' title='bbox 527 2665 706 2749; x_wconf 88' lang='lat' dir='ltr'><strong>professus,</strong></span> <span class='ocrx_word' id='word_1_166' title='bbox 736 2666 802 2730; x_wconf 90' lang='lat' dir='ltr'><strong>iam</strong></span> <span class='ocrx_word' id='word_1_167' title='bbox 832 2665 993 2749; x_wconf 82' lang='lat' dir='ltr'><strong>agendum</strong></span> <span class='ocrx_word' id='word_1_168' title='bbox 1025 2664 1081 2747; x_wconf 91' lang='lat' dir='ltr'><strong>sit,</strong></span> <span class='ocrx_word' id='word_1_169' title='bbox 1113 2663 1177 2727; x_wconf 91' lang='lat' dir='ltr'><strong>nisi</strong></span> <span class='ocrx_word' id='word_1_170' title='bbox 1208 2667 1244 2727; x_wconf 91' lang='lat' dir='ltr'><strong>ut</strong></span> <span class='ocrx_word' id='word_1_171' title='bbox 1333 2708 1335 2712; x_wconf 68' lang='lat'><strong>,</strong></span> 
     </span>
    </p>
   </div>
   <div class='ocr_carea' id='block_1_4' title="bbox 98 2771 1259 4565">
    <p class='ocr_par' dir='ltr' id='par_1_4' title="bbox 98 2771 1259 4029">
     <span class='ocr_line' id='line_1_23' title="bbox 98 2771 1244 2856; baseline -0.002 -22"><span class='ocrx_word' id='word_1_172' title='bbox 98 2792 206 2835; x_wconf 88' lang='lat' dir='ltr'><strong>eorum</strong></span> <span class='ocrx_word' id='word_1_173' title='bbox 232 2773 427 2836; x_wconf 88' lang='lat' dir='ltr'><strong>sententiam</strong></span> <span class='ocrx_word' id='word_1_174' title='bbox 450 2777 617 2856; x_wconf 89' lang='lat' dir='ltr'><strong>tamquam</strong></span> <span class='ocrx_word' id='word_1_175' title='bbox 641 2773 800 2856; x_wconf 88' lang='lat' dir='ltr'><strong>interpres</strong></span> <span class='ocrx_word' id='word_1_176' title='bbox 824 2771 1033 2855; x_wconf 89' lang='lat' dir='ltr'><strong>patefaciam,</strong></span> <span class='ocrx_word' id='word_1_177' title='bbox 1062 2792 1079 2833; x_wconf 92' lang='lat' dir='ltr'><strong>e</strong></span> <span class='ocrx_word' id='word_1_178' title='bbox 1107 2790 1244 2853; x_wconf 91' lang='lat' dir='ltr'><strong>quorum</strong></span> 
     </span>
     <span class='ocr_line' id='line_1_24' title="bbox 99 2875 1245 2962; baseline 0 -22"><span class='ocrx_word' id='word_1_179' title='bbox 99 2877 242 2941; x_wconf 89' lang='lat' dir='ltr'><strong>consiliis</strong></span> <span class='ocrx_word' id='word_1_180' title='bbox 266 2877 361 2941; x_wconf 89' lang='lat' dir='ltr'><strong>hodie</strong></span> <span class='ocrx_word' id='word_1_181' title='bbox 385 2878 503 2962; x_wconf 88' lang='lat' dir='ltr'><strong>pendet</strong></span> <span class='ocrx_word' id='word_1_182' title='bbox 526 2879 710 2962; x_wconf 85' lang='lat' dir='ltr'><strong>linguarum</strong></span> <span class='ocrx_word' id='word_1_183' title='bbox 729 2880 937 2962; x_wconf 89' lang='lat' dir='ltr'><strong>antiquarum</strong></span> <span class='ocrx_word' id='word_1_184' title='bbox 958 2898 1029 2941; x_wconf 88' lang='lat' dir='ltr'><strong>cum</strong></span> <span class='ocrx_word' id='word_1_185' title='bbox 1049 2875 1245 2940; x_wconf 83' lang='lat' dir='ltr'><strong>scholastica</strong></span> 
     </span>
     <span class='ocr_line' id='line_1_25' title="bbox 99 2982 1243 3066; baseline -0.001 -20"><span class='ocrx_word' id='word_1_186' title='bbox 99 2982 304 3048; x_wconf 90' lang='lat' dir='ltr'><strong>institutione</strong></span> <span class='ocrx_word' id='word_1_187' title='bbox 329 2985 476 3049; x_wconf 87' lang='lat' dir='ltr'><strong>societas.</strong></span> <span class='ocrx_word' id='word_1_188' title='bbox 514 2984 584 3060; x_wconf 83' lang='lat' dir='ltr'><strong>Quo</strong></span> <span class='ocrx_word' id='word_1_189' title='bbox 609 2987 718 3048; x_wconf 90' lang='lat' dir='ltr'><strong>autem</strong></span> <span class='ocrx_word' id='word_1_190' title='bbox 741 2986 809 3049; x_wconf 88' lang='lat' dir='ltr'><strong>iure</strong></span> <span class='ocrx_word' id='word_1_191' title='bbox 834 2984 889 3066; x_wconf 87' lang='lat' dir='ltr'><strong>sic,</strong></span> <span class='ocrx_word' id='word_1_192' title='bbox 914 2987 949 3047; x_wconf 92' lang='lat' dir='ltr'><strong>ut</strong></span> <span class='ocrx_word' id='word_1_193' title='bbox 972 2982 1042 3066; x_wconf 86' lang='lat' dir='ltr'><strong>feci,</strong></span> <span class='ocrx_word' id='word_1_194' title='bbox 1065 2982 1122 3046; x_wconf 93' lang='lat' dir='ltr'><strong>illo</strong></span> <span class='ocrx_word' id='word_1_195' title='bbox 1146 2983 1243 3046; x_wconf 90' lang='lat' dir='ltr'><strong>inter-</strong></span> 
     </span>
     <span class='ocr_line' id='line_1_26' title="bbox 101 3080 1245 3177; baseline -0.001 -24"><span class='ocrx_word' id='word_1_196' title='bbox 101 3089 202 3173; x_wconf 91' lang='lat' dir='ltr'><strong>pretis</strong></span> <span class='ocrx_word' id='word_1_197' title='bbox 227 3080 357 3154; x_wconf 85' lang='lat' dir='ltr'><strong>munere</strong></span> <span class='ocrx_word' id='word_1_198' title='bbox 385 3091 514 3155; x_wconf 88' lang='lat' dir='ltr'><strong>functus</strong></span> <span class='ocrx_word' id='word_1_199' title='bbox 539 3091 614 3173; x_wconf 92' lang='lat' dir='ltr'><strong>sim,</strong></span> <span class='ocrx_word' id='word_1_200' title='bbox 643 3112 707 3155; x_wconf 92' lang='lat' dir='ltr'><strong>non</strong></span> <span class='ocrx_word' id='word_1_201' title='bbox 732 3112 827 3177; x_wconf 81' lang='lat' dir='ltr'><strong>aegre</strong></span> <span class='ocrx_word' id='word_1_202' title='bbox 851 3089 1036 3172; x_wconf 84' lang='lat' dir='ltr'><strong>intellegat,</strong></span> <span class='ocrx_word' id='word_1_203' title='bbox 1064 3089 1118 3174; x_wconf 92' lang='lat' dir='ltr'><strong>qui</strong></span> <span class='ocrx_word' id='word_1_204' title='bbox 1145 3125 1181 3134; x_wconf 87' lang='lat'>—</span> <span class='ocrx_word' id='word_1_205' title='bbox 1209 3093 1245 3153; x_wconf 92' lang='lat' dir='ltr'><strong>ut</strong></span> 
     </span>
     <span class='ocr_line' id='line_1_27' title="bbox 100 3182 1244 3281; baseline -0.003 -19"><span class='ocrx_word' id='word_1_206' title='bbox 100 3220 164 3262; x_wconf 91' lang='lat' dir='ltr'><strong>uno</strong></span> <span class='ocrx_word' id='word_1_207' title='bbox 179 3198 325 3281; x_wconf 82' lang='lat' dir='ltr'><strong>exemplo</strong></span> <span class='ocrx_word' id='word_1_208' title='bbox 341 3201 414 3262; x_wconf 90' lang='lat' dir='ltr'><strong>utar</strong></span> <span class='ocrx_word' id='word_1_209' title='bbox 427 3234 471 3244; x_wconf 93' lang='lat'><em>-</em></span> <span class='ocrx_word' id='word_1_210' title='bbox 485 3197 669 3281; x_wconf 86' lang='lat' dir='ltr'><strong>praeclaras</strong></span> <span class='ocrx_word' id='word_1_211' title='bbox 688 3197 762 3261; x_wconf 88' lang='lat' dir='ltr'><strong>illas</strong></span> <span class='ocrx_word' id='word_1_212' title='bbox 782 3182 946 3261; x_wconf 77' lang='lat' dir='ltr'><strong>orationes</strong></span> <span class='ocrx_word' id='word_1_213' title='bbox 961 3196 1155 3279; x_wconf 87' lang='lat' dir='ltr'><strong>recordetur,</strong></span> <span class='ocrx_word' id='word_1_214' title='bbox 1176 3195 1244 3280; x_wconf 90' lang='lat' dir='ltr'><strong>qui·</strong></span> 
     </span>
     <span class='ocr_line' id='line_1_28' title="bbox 99 3302 1243 3390; baseline -0.003 -21"><span class='ocrx_word' id='word_1_215' title='bbox 99 3306 159 3369; x_wconf 90' lang='lat' dir='ltr'><strong>bus</strong></span> <span class='ocrx_word' id='word_1_216' title='bbox 183 3329 298 3390; x_wconf 90' lang='lat' dir='ltr'><strong>nuper,</strong></span> <span class='ocrx_word' id='word_1_217' title='bbox 327 3329 400 3370; x_wconf 91' lang='lat' dir='ltr'><strong>cum</strong></span> <span class='ocrx_word' id='word_1_218' title='bbox 424 3307 508 3389; x_wconf 89' lang='lat' dir='ltr'><strong>apud</strong></span> <span class='ocrx_word' id='word_1_219' title='bbox 531 3304 763 3389; x_wconf 82' lang='lat' dir='ltr'><strong>Franeogallos</strong></span> <span class='ocrx_word' id='word_1_220' title='bbox 787 3303 988 3387; x_wconf 89' lang='lat' dir='ltr'><strong>publicarum</strong></span> <span class='ocrx_word' id='word_1_221' title='bbox 1012 3303 1095 3367; x_wconf 89' lang='lat' dir='ltr'><strong>ratio</strong></span> <span class='ocrx_word' id='word_1_222' title='bbox 1120 3302 1243 3367; x_wconf 88' lang='lat' dir='ltr'><strong>schola-</strong></span> 
     </span>
     <span class='ocr_line' id='line_1_29' title="bbox 99 3409 1242 3495; baseline 0 -21"><span class='ocrx_word' id='word_1_223' title='bbox 99 3434 172 3475; x_wconf 87' lang='lat' dir='ltr'><strong>rum</strong></span> <span class='ocrx_word' id='word_1_224' title='bbox 187 3412 430 3495; x_wconf 89' lang='lat' dir='ltr'><strong>disceptaretur,</strong></span> <span class='ocrx_word' id='word_1_225' title='bbox 450 3412 591 3477; x_wconf 89' lang='lat' dir='ltr'><strong>eiusdem</strong></span> <span class='ocrx_word' id='word_1_226' title='bbox 606 3412 695 3476; x_wconf 90' lang='lat' dir='ltr'><strong>illius</strong></span> <span class='ocrx_word' id='word_1_227' title='bbox 715 3411 882 3475; x_wconf 86' lang='lat' dir='ltr'><strong>societatis</strong></span> <span class='ocrx_word' id='word_1_228' title='bbox 901 3409 1077 3474; x_wconf 86' lang='lat' dir='ltr'><strong>salubritas</strong></span> <span class='ocrx_word' id='word_1_229' title='bbox 1097 3436 1116 3475; x_wconf 88' lang='lat' dir='ltr'><strong>a</strong></span> <span class='ocrx_word' id='word_1_230' title='bbox 1136 3433 1242 3494; x_wconf 88' lang='lat' dir='ltr'><strong>supre-</strong></span> 
     </span>
     <span class='ocr_line' id='line_1_30' title="bbox 100 3515 1243 3605; baseline -0.001 -24"><span class='ocrx_word' id='word_1_231' title='bbox 100 3519 162 3581; x_wconf 90' lang='lat' dir='ltr'><strong>mis</strong></span> <span class='ocrx_word' id='word_1_232' title='bbox 177 3518 276 3601; x_wconf 82' lang='lat' dir='ltr'><strong>Regis</strong></span> <span class='ocrx_word' id='word_1_233' title='bbox 297 3519 453 3583; x_wconf 89' lang='lat' dir='ltr'><strong>ministris</strong></span> <span class='ocrx_word' id='word_1_234' title='bbox 472 3517 526 3605; x_wconf 83' lang='lat' dir='ltr'><strong>(de</strong></span> <span class='ocrx_word' id='word_1_235' title='bbox 541 3519 687 3583; x_wconf 84' lang='lat' dir='ltr'><strong>Thiersio</strong></span> <span class='ocrx_word' id='word_1_236' title='bbox 702 3518 907 3602; x_wconf 89' lang='lat' dir='ltr'><strong>potissimum</strong></span> <span class='ocrx_word' id='word_1_237' title='bbox 922 3521 954 3581; x_wconf 93' lang='lat' dir='ltr'><strong>et</strong></span> <span class='ocrx_word' id='word_1_238' title='bbox 968 3517 1105 3581; x_wconf 83' lang='lat' dir='ltr'><strong>Guizoto</strong></span> <span class='ocrx_word' id='word_1_239' title='bbox 1121 3515 1243 3601; x_wconf 83' lang='lat' dir='ltr'><strong>cogito)</strong></span> 
     </span>
     <span class='ocr_line' id='line_1_31' title="bbox 102 3610 1244 3709; baseline 0.001 -22"><span class='ocrx_word' id='word_1_240' title='bbox 102 3624 388 3688; x_wconf 88' lang='lat' dir='ltr'><strong>commendabatur</strong></span> <span class='ocrx_word' id='word_1_241' title='bbox 411 3628 522 3688; x_wconf 87' lang='lat' dir='ltr'><strong>tantae</strong></span> <span class='ocrx_word' id='word_1_242' title='bbox 541 3625 670 3709; x_wconf 89' lang='lat' dir='ltr'><strong>quidem</strong></span> <span class='ocrx_word' id='word_1_243' title='bbox 689 3624 932 3708; x_wconf 84' lang='lat' dir='ltr'><strong>intellegentiae</strong></span> <span class='ocrx_word' id='word_1_244' title='bbox 951 3610 1139 3706; x_wconf 62' lang='lat' dir='ltr'><strong>luminibus</strong></span> <span class='ocrx_word' id='word_1_245' title='bbox 1162 3646 1244 3707; x_wconf 90' lang='lat' dir='ltr'><strong>quae</strong></span> 
     </span>
     <span class='ocr_line' id='line_1_32' title="bbox 101 3729 1259 3816; baseline -0.002 -22"><span class='ocrx_word' id='word_1_246' title='bbox 101 3753 165 3815; x_wconf 90' lang='lat' dir='ltr'><strong>quo</strong></span> <span class='ocrx_word' id='word_1_247' title='bbox 189 3731 295 3794; x_wconf 89' lang='lat' dir='ltr'><strong>minus</strong></span> <span class='ocrx_word' id='word_1_248' title='bbox 321 3730 491 3795; x_wconf 88' lang='lat' dir='ltr'><strong>videbatur</strong></span> <span class='ocrx_word' id='word_1_249' title='bbox 514 3753 551 3795; x_wconf 91' lang='lat' dir='ltr'><strong>eo</strong></span> <span class='ocrx_word' id='word_1_250' title='bbox 576 3732 607 3794; x_wconf 92' lang='lat' dir='ltr'><strong>in</strong></span> <span class='ocrx_word' id='word_1_251' title='bbox 632 3752 749 3816; x_wconf 80' lang='lat' dir='ltr'><strong>genere</strong></span> <span class='ocrx_word' id='word_1_252' title='bbox 773 3730 813 3795; x_wconf 89' lang='lat' dir='ltr'><strong>ab</strong></span> <span class='ocrx_word' id='word_1_253' title='bbox 842 3729 923 3814; x_wconf 89' lang='lat' dir='ltr'><strong>ipsis</strong></span> <span class='ocrx_word' id='word_1_254' title='bbox 947 3730 1167 3814; x_wconf 70' lang='lat' dir='ltr'><strong>lfraneogallis</strong></span> <span class='ocrx_word' id='word_1_255' title='bbox 1191 3753 1259 3799; x_wconf 51' lang='lat' dir='ltr'><strong>‹err-¹</strong></span> 
     </span>
     <span class='ocr_line' id='line_1_33' title="bbox 101 3835 1243 3923; baseline 0.002 -23"><span class='ocrx_word' id='word_1_256' title='bbox 101 3837 240 3920; x_wconf 84' lang='lat' dir='ltr'><strong>spectari</strong></span> <span class='ocrx_word' id='word_1_257' title='bbox 259 3858 364 3921; x_wconf 90' lang='lat' dir='ltr'><strong>posse,</strong></span> <span class='ocrx_word' id='word_1_258' title='bbox 387 3860 425 3902; x_wconf 92' lang='lat' dir='ltr'><strong>eo</strong></span> <span class='ocrx_word' id='word_1_259' title='bbox 446 3838 566 3902; x_wconf 89' lang='lat' dir='ltr'><strong>maiore</strong></span> <span class='ocrx_word' id='word_1_260' title='bbox 586 3842 713 3904; x_wconf 89' lang='lat' dir='ltr'><strong>nostros</strong></span> <span class='ocrx_word' id='word_1_261' title='bbox 732 3837 911 3923; x_wconf 82' lang='lat' dir='ltr'><strong>legentium</strong></span> <span class='ocrx_word' id='word_1_262' title='bbox 929 3838 1055 3901; x_wconf 89' lang='lat' dir='ltr'><strong>animos</strong></span> <span class='ocrx_word' id='word_1_263' title='bbox 1075 3835 1243 3920; x_wconf 86' lang='lat' dir='ltr'><strong>voluptate</strong></span> 
     </span>
     <span class='ocr_line' id='line_1_34' title="bbox 100 3944 808 4029; baseline 0.003 -21"><span class='ocrx_word' id='word_1_264' title='bbox 100 3966 166 4008; x_wconf 91' lang='lat' dir='ltr'><strong>non</strong></span> <span class='ocrx_word' id='word_1_265' title='bbox 191 3948 317 4008; x_wconf 88' lang='lat' dir='ltr'><strong>tantum</strong></span> <span class='ocrx_word' id='word_1_266' title='bbox 343 3944 456 4024; x_wconf 85' lang='lat' dir='ltr'><strong>affecit,</strong></span> <span class='ocrx_word' id='word_1_267' title='bbox 481 3946 536 4008; x_wconf 90' lang='lat' dir='ltr'><strong>sed</strong></span> <span class='ocrx_word' id='word_1_268' title='bbox 561 3968 632 4009; x_wconf 84' lang='lat' dir='ltr'><strong>vere</strong></span> <span class='ocrx_word' id='word_1_269' title='bbox 656 3945 808 4029; x_wconf 90' lang='lat' dir='ltr'><strong>perfudit.</strong></span> 
     </span>
    </p>

    <p class='ocr_par' dir='ltr' id='par_1_5' title="bbox 101 4050 1242 4565">
     <span class='ocr_line' id='line_1_35' title="bbox 189 4050 1242 4137; baseline -0.002 -20"><span class='ocrx_word' id='word_1_270' title='bbox 189 4052 284 4117; x_wconf 88' lang='lat' dir='ltr'><strong>Nunc</strong></span> <span class='ocrx_word' id='word_1_271' title='bbox 307 4051 408 4136; x_wconf 79' lang='lat' dir='ltr'><strong>igitur</strong></span> <span class='ocrx_word' id='word_1_272' title='bbox 430 4056 467 4115; x_wconf 90' lang='lat' dir='ltr'><strong>ut</strong></span> <span class='ocrx_word' id='word_1_273' title='bbox 489 4056 670 4116; x_wconf 83' lang='lat' dir='ltr'><strong>revertatur</strong></span> <span class='ocrx_word' id='word_1_274' title='bbox 688 4053 772 4117; x_wconf 92' lang='lat' dir='ltr'><strong>unde</strong></span> <span class='ocrx_word' id='word_1_275' title='bbox 791 4053 921 4117; x_wconf 83' lang='lat' dir='ltr'><strong>deflexit</strong></span> <span class='ocrx_word' id='word_1_276' title='bbox 939 4052 1053 4133; x_wconf 87' lang='lat' dir='ltr'><strong>oratio,</strong></span> <span class='ocrx_word' id='word_1_277' title='bbox 1073 4050 1242 4137; x_wconf 88' lang='lat' dir='ltr'><strong>quodiam</strong></span> 
     </span>
     <span class='ocr_line' id='line_1_36' title="bbox 101 4157 1241 4244; baseline -0.004 -19"><span class='ocrx_word' id='word_1_278' title='bbox 101 4160 193 4226; x_wconf 86' lang='lat' dir='ltr'><strong>video</strong></span> <span class='ocrx_word' id='word_1_279' title='bbox 213 4157 436 4242; x_wconf 89' lang='lat' dir='ltr'><strong>explicandum</strong></span> <span class='ocrx_word' id='word_1_280' title='bbox 456 4181 534 4242; x_wconf 88' lang='lat' dir='ltr'><strong>esse,</strong></span> <span class='ocrx_word' id='word_1_281' title='bbox 552 4158 614 4224; x_wconf 89' lang='lat' dir='ltr'><strong>hoo</strong></span> <span class='ocrx_word' id='word_1_282' title='bbox 634 4165 683 4224; x_wconf 90' lang='lat' dir='ltr'><strong>est</strong></span> <span class='ocrx_word' id='word_1_283' title='bbox 702 4159 882 4225; x_wconf 88' lang='lat' dir='ltr'><strong>accuratius</strong></span> <span class='ocrx_word' id='word_1_284' title='bbox 902 4182 999 4244; x_wconf 90' lang='lat' dir='ltr'><strong>qnam</strong></span> <span class='ocrx_word' id='word_1_285' title='bbox 1019 4161 1114 4223; x_wconf 88' lang='lat' dir='ltr'><strong>antea</strong></span> <span class='ocrx_word' id='word_1_286' title='bbox 1133 4158 1241 4221; x_wconf 91' lang='lat' dir='ltr'><strong>defini·</strong></span> 
     </span>
     <span class='ocr_line' id='line_1_37' title="bbox 101 4265 1241 4350; baseline -0.004 -19"><span class='ocrx_word' id='word_1_287' title='bbox 101 4272 184 4331; x_wconf 89' lang='lat' dir='ltr'><strong>tum:</strong></span> <span class='ocrx_word' id='word_1_288' title='bbox 204 4287 268 4350; x_wconf 92' lang='lat' dir='ltr'><strong>quo</strong></span> <span class='ocrx_word' id='word_1_289' title='bbox 287 4265 491 4330; x_wconf 83' lang='lat' dir='ltr'><strong>necessitatis</strong></span> <span class='ocrx_word' id='word_1_290' title='bbox 510 4266 639 4331; x_wconf 87' lang='lat' dir='ltr'><strong>vinculo</strong></span> <span class='ocrx_word' id='word_1_291' title='bbox 662 4267 915 4349; x_wconf 87' lang='lat' dir='ltr'><strong>antiquitatis</strong></span> <span class='ocrx_word' id='word_1_292' title='bbox 940 4266 1092 4329; x_wconf 89' lang='lat' dir='ltr'><strong>tractatio</strong></span> <span class='ocrx_word' id='word_1_293' title='bbox 1116 4265 1241 4348; x_wconf 93' lang='lat' dir='ltr'><strong>philo-</strong></span> 
     </span>
     <span class='ocr_line' id='line_1_38' title="bbox 101 4372 1242 4458; baseline -0.001 -22"><span class='ocrx_word' id='word_1_294' title='bbox 101 4373 229 4457; x_wconf 83' lang='lat' dir='ltr'><strong>logica</strong></span> <span class='ocrx_word' id='word_1_295' title='bbox 266 4373 472 4437; x_wconf 89' lang='lat' dir='ltr'><strong>contineatur</strong></span> <span class='ocrx_word' id='word_1_296' title='bbox 511 4395 582 4437; x_wconf 90' lang='lat' dir='ltr'><strong>cum</strong></span> <span class='ocrx_word' id='word_1_297' title='bbox 621 4376 766 4437; x_wconf 82' lang='lat' dir='ltr'><strong>veterum</strong></span> <span class='ocrx_word' id='word_1_298' title='bbox 798 4373 1018 4458; x_wconf 82' lang='lat' dir='ltr'><strong>linguarum</strong></span> <span class='ocrx_word' id='word_1_299' title='bbox 1047 4372 1242 4436; x_wconf 85' lang='lat' dir='ltr'><strong>tractatione</strong></span> 
     </span>
     <span class='ocr_line' id='line_1_39' title="bbox 104 4478 1242 4565; baseline -0.002 -21"><span class='ocrx_word' id='word_1_300' title='bbox 104 4480 367 4546; x_wconf 82' lang='lat' dir='ltr'><strong>scholastica?</strong></span> <span class='ocrx_word' id='word_1_301' title='bbox 390 4479 476 4545; x_wconf 90' lang='lat' dir='ltr'><strong>Nolo</strong></span> <span class='ocrx_word' id='word_1_302' title='bbox 487 4486 596 4545; x_wconf 88' lang='lat' dir='ltr'><strong>autem</strong></span> <span class='ocrx_word' id='word_1_303' title='bbox 611 4480 645 4545; x_wconf 91' lang='lat' dir='ltr'><strong>in</strong></span> <span class='ocrx_word' id='word_1_304' title='bbox 660 4480 699 4544; x_wconf 91' lang='lat' dir='ltr'><strong>iis</strong></span> <span class='ocrx_word' id='word_1_305' title='bbox 715 4480 794 4544; x_wconf 90' lang='lat' dir='ltr'><strong>locis</strong></span> <span class='ocrx_word' id='word_1_306' title='bbox 809 4480 937 4564; x_wconf 88' lang='lat' dir='ltr'><strong>morari,</strong></span> <span class='ocrx_word' id='word_1_307' title='bbox 951 4480 1006 4565; x_wconf 91' lang='lat' dir='ltr'><strong>qui</strong></span> <span class='ocrx_word' id='word_1_308' title='bbox 1020 4502 1092 4544; x_wconf 91' lang='lat' dir='ltr'><strong>cum</strong></span> <span class='ocrx_word' id='word_1_309' title='bbox 1107 4478 1175 4544; x_wconf 86' lang='lat' dir='ltr'><strong>fere</strong></span> <span class='ocrx_word' id='word_1_310' title='bbox 1190 4478 1242 4542; x_wconf 92' lang='lat' dir='ltr'><strong>de·</strong></span> 
     </span>
    </p>
   </div>
   <div class='ocr_carea' id='block_1_5' title="bbox 0 0 1468 5004">
    <p class='ocr_par' dir='ltr' id='par_1_6' title="bbox 0 0 1468 5004">
     <span class='ocr_line' id='line_1_40' title="bbox 0 0 1468 5004; baseline 0 0"><span class='ocrx_word' id='word_1_311' title='bbox 0 0 1468 5004; x_wconf 95' lang='lat' dir='ltr'><strong> </strong></span> 
     </span>
    </p>
   </div>
  </div>
 </body>
</html>
