2918 5004
458 337 690 387 nrrmmscua
714 340 841 386 sensu.
1154 323 1219 386 669

167 479 240 546 Vna
263 482 372 545 autem
395 485 546 564 pareest
574 481 718 545 muneris
742 482 821 546 mibi
846 482 1045 565 demandati,
1074 482 1223 547 tamilla

75 588 163 651 laeta
194 590 227 651 et
256 608 369 671 expers
402 587 641 672 angustiarum,
670 587 788 653 horum
817 591 854 653 ut
884 588 975 654 illinc
1003 588 1161 653 solacium
1191 592 1223 653 et

76 692 165 757 velut
186 694 484 777 compensationem
506 694 632 759 affatim
650 695 812 779 petiturus
839 695 901 759 sim
927 716 992 760 non
1015 694 1085 761 sine
1103 714 1224 780 magna

77 821 151 864 mea
178 799 357 883 voluptate.
398 800 443 865 Et
471 804 596 885 spectat
623 824 662 867 ea
690 801 821 887 quidem
843 806 1002 867 nontam
1026 801 1066 867 ad
1090 805 1224 885 vestras,

77 907 221 992 collegae
245 908 488 992 spectatissimi,
511 930 666 992 personas
686 931 784 993 quam
809 908 849 974 ad
872 931 940 992 vos,
963 908 1122 974 carissimi
1146 907 1222 973 adu·

76 1013 247 1097 lescentes,
282 1036 418 1098 quorum
453 1016 598 1081 rationes
631 1016 786 1100 peculiari
815 1016 1064 1081 necessitudinis
1094 1016 1223 1081 vinculo

75 1143 149 1186 cum
168 1121 315 1187 Rectoris
334 1143 476 1205 persona
493 1144 595 1188 nexae
618 1126 714 1196 sunt„
740 1120 841 1187 Cuius
863 1122 1113 1188 necessitudinis
1137 1123 1222 1186 ratio

79 1228 237 1294 eiusmodi
260 1232 320 1312 est,
344 1233 381 1294 ut
404 1251 442 1294 ea
465 1230 655 1314 primariam
678 1231 744 1295 vim
767 1233 800 1293 et
818 1234 1015 1314 potestatem
1034 1233 1224 1313 rectoratus,

77 1340 114 1401 ut
136 1339 214 1400 sunt
236 1335 316 1401 haec
339 1338 500 1420 tempora,
528 1336 686 1402 contineri
713 1340 746 1400 et
774 1336 938 1420 propriam
964 1338 1117 1402 virtutem
1141 1340 1224 1401 tam·

77 1465 174 1526 quam
211 1440 474 1526 exsplendescere
509 1446 628 1527 putem.
673 1441 759 1508 Nam
792 1443 820 1508 si
848 1445 1022 1528 corporis
1050 1443 1224 1509 universi

76 1552 165 1613 certa
183 1552 259 1614 sunt
277 1552 310 1613 et
329 1550 513 1614 communia
532 1550 629 1633 iura,
654 1570 853 1634 consequens
873 1553 923 1614 est
942 1572 1054 1615 eorum
1072 1555 1223 1636 partem

76 1644 239 1720 etiamad
263 1655 420 1740 singula
443 1656 611 1721 membra
633 1655 779 1740 corporis
798 1654 959 1739 pertinere
977 1655 1157 1741 hommque
1176 1656 1224 1720 in-

77 1762 258 1828 columitati
277 1761 486 1846 praecipue
505 1762 696 1846 prospicere.
729 1761 780 1826 Ea
799 1766 907 1827 autem
927 1763 1008 1847 iura,
1026 1785 1109 1847 quae
1128 1762 1224 1828 liber-

76 1873 178 1934 tatem
202 1868 417 1934 academicam
442 1870 582 1934 finitiore
606 1868 791 1954 significatu
816 1868 981 1953 appellare
1000 1869 1224 1953 consuevistis,

77 1998 149 2041 cum
183 1977 280 2041 certis
314 1976 441 2061 legibus
470 1976 713 2060 circumscripta
740 1997 810 2041 esse
838 1979 1001 2060 oporteat:
1031 1976 1159 2061 quando
1190 1977 1224 2041 in

77 2082 240 2148 licentiam
271 2088 305 2149 et
338 2083 505 2149 libidinem
537 2083 669 2168 quaevis
702 2083 838 2148 libertas
869 2085 982 2168 vertit,
1013 2084 1077 2149 nisi
1104 2084 1225 2150 rationi

77 2190 305 2257 convenienter
333 2189 548 2256 determinata
576 2190 632 2255 sit:
660 2190 739 2256 satis
768 2189 864 2256 hodie
892 2191 1022 2256 videtur
1049 2213 1069 2255 a
1092 2191 1225 2275 publica

78 2297 272 2362 auctoritate
304 2296 447 2362 civitatis
479 2298 514 2362 in
547 2318 585 2363 eo
619 2297 821 2362 elaboratum
854 2319 940 2379 esso,
977 2301 1014 2363 ut
1043 2296 1145 2362 sines
1176 2297 1224 2361 illi

77 2404 240 2468 libertatis
271 2408 397 2470 vestrae
428 2402 651 2469 custodiantur
681 2407 714 2468 et
742 2409 965 2488 coerceantur,
994 2404 1145 2470 licentiae
1174 2426 1225 2470 oc·

79 2514 241 2594 curratur,
263 2511 344 2576 vitia
366 2511 581 2595 castigentur,
608 2510 726 2576 delicta
749 2511 1061 2594 animadvertantur,
1089 2511 1225 2595 denique

80 2617 130 2682 vel
152 2617 373 2703 praecavendo
393 2618 443 2682 vel
462 2617 625 2702 puniendo
645 2618 785 2683 satisfiat
802 2618 911 2702 legum
931 2617 1107 2682 severitati.
1139 2616 1225 2682 Huic

78 2728 186 2790 autem
219 2725 387 2790 severitati
414 2723 686 2810 quemadmodum
709 2725 749 2790 ad
778 2724 968 2809 explendam
1000 2746 1224 2790 consummau-

79 2830 216 2916 damque
244 2832 388 2897 iustitiae
415 2832 582 2896 notionem
606 2831 755 2896 accedere
785 2831 934 2916 aequitas
966 2830 1071 2915 debet,
1101 2831 1225 2896 leniens

78 2939 136 3003 illa
163 2939 307 3005 iustitiae
335 2939 545 3004 acrimoniam
573 2942 607 3002 et
632 2938 742 3023 legum
770 2940 911 3024 rigorem
944 2941 1144 3023 temperans:
1176 2939 1223 3019 ita

81 3045 262 3130 antiquitus
291 3067 349 3132 par
376 3066 448 3109 esse
475 3045 581 3110 visum
610 3049 672 3128 est,
702 3045 886 3111 severitatis
915 3030 1120 3111 exactoribus
1143 3049 1227 3110 tam-

79 3174 176 3237 quam
200 3174 238 3217 ex
261 3152 397 3217 adverso
421 3153 566 3236 positum
589 3174 659 3217 esse
682 3151 823 3237 aliquem
846 3155 1022 3236 patronum
1046 3156 1224 3217 vestrarum

78 3280 186 3324 rerum
213 3263 247 3323 et
274 3263 430 3342 tutorem,
458 3259 596 3323 iniuriae
625 3259 652 3323 si
681 3280 746 3342 qua
767 3280 833 3323 non
856 3281 876 3323 a
898 3258 1006 3342 vobis,
1035 3258 1090 3323 sed
1114 3258 1226 3323 vobis

79 3367 138 3431 fiat
166 3367 442 3452 propulsatorem,
472 3365 634 3431 libertatis
662 3370 771 3430 autem
794 3368 880 3430 recte
908 3368 942 3430 et
965 3365 1129 3450 sapienter
1152 3364 1226 3429 defi·

79 3473 168 3538 nitae
192 3473 393 3538 defensorem
416 3477 513 3558 atque
537 3477 825 3558 propugnatorem.
865 3471 974 3558 Atque
998 3472 1081 3538 hano
1105 3491 1167 3556 ego
1190 3475 1227 3536 ut

81 3581 294 3646 laetissimam
313 3580 645 3666 acceptissimamque,
663 3580 711 3644 ita
729 3579 988 3644 efficacissimam
1006 3578 1227 3644 fructuosissi·
1278 3572 1280 3575 ’

80 3710 230 3773 mamque
248 3693 376 3773 partem
395 3689 592 3773 interpretor
610 3680 709 3753 officii
727 3687 809 3753 mihi
828 3687 1027 3771 demandati3
1051 3686 1112 3751 hoc
1130 3686 1226 3750 nobis

80 3796 235 3880 vobisque
254 3818 292 3860 ex
315 3796 471 3881 pristinae
500 3795 653 3860 fortunae
675 3795 771 3860 ruina
793 3795 940 3860 relictum
965 3793 1226 3878 vindicatumque

80 3903 242 3987 gratulor,
269 3902 354 3987 quod
382 3902 486 3968 adhuc
515 3906 643 3967 servata
670 3905 721 3966 est
742 3905 882 3987 paterna
903 3902 961 3967 illa
983 3923 1110 3967 morum
1133 3900 1227 3966 disci-

81 4011 171 4095 plina
198 4010 346 4075 Rectoris
374 4010 583 4094 potissimum
612 4010 761 4075 manibus
789 4010 924 4075 tradita:
954 4032 1019 4095 qua
1046 4011 1080 4073 ct
1107 4007 1226 4072 aetatis

80 4121 209 4182 vestrae
232 4116 414 4182 rationibus
438 4122 523 4182 recte
553 4117 679 4183 consuli
702 4121 735 4182 et
758 4117 827 4182 eius
855 4115 1118 4198 necessitudinis,
1145 4135 1227 4199 quae

80 4225 167 4288 inter
186 4224 362 4308 magistros
380 4225 591 4309 alumnosque
610 4223 790 4307 intercedit,
813 4223 964 4309 dignitati
982 4221 1227 4306 integritatique

76 4331 233 4396 satisfieri
249 4332 407 4398 maiorum
426 4333 586 4417 sapientia
602 4332 774 4418 perspexit,
806 4331 920 4416 Itaque
938 4331 1023 4416 quod
1044 4329 1137 4396 vobis
1157 4349 1227 4415 ego

73 4443 268 4526 promptum
290 4442 502 4524 paratumque
522 4439 662 4504 studium
682 4461 720 4503 ex
743 4439 843 4504 animi
862 4439 926 4503 mei
945 4439 1108 4503 sententia
1125 4440 1229 4502 testor
