2918 5004
466 377 702 426 nsrururscnu
727 377 853 424 aunan.
1166 362 1229 427 651

89 545 161 588 rum
180 523 300 588 alterae
319 527 469 589 naturam
489 518 737 608 quamproprie
757 520 887 585 nomine
906 543 1068 606 vocamus,
1091 524 1232 586 mentem
1327 518 1328 523 ’

90 629 265 694 humanam
299 630 362 694 sibi
393 628 654 714 investigandam
689 626 809 693 alterae
838 631 984 693 sumunt:
1022 627 1075 693 hie
1105 650 1232 713 quoque

90 738 223 822 propria
252 759 324 803 esse
355 736 530 802 ambitioso
560 734 608 799 illi
639 734 848 819 comparandi
879 734 987 800 studio
1018 734 1109 799 sedes
1140 735 1233 800 solet.

91 841 182 907 Nihil
205 843 292 907 enim
315 843 515 927 frequentius
538 865 600 907 usu
623 841 726 926 venit,
750 864 847 927 quam
871 845 907 905 ut
930 843 981 907 vel
1003 841 1146 927 physicis
1176 864 1232 905 nu·

90 971 149 1035 gas
177 953 318 1015 tractare
345 950 618 1036 infructuosisque
647 949 904 1035 quaestiunculis
933 952 966 1014 et
993 950 1034 1013 ab
1062 950 1148 1014 vitae
1176 949 1233 1014 hu-

91 1079 207 1123 manae
226 1058 338 1123 usibus
358 1057 471 1122 alienis
490 1057 644 1122 delectari
665 1057 833 1143 philologi,
847 1056 1005 1139 historici,
1024 1056 1234 1121 iureconsulti

91 1164 275 1249 videantur,
307 1165 357 1230 vel
385 1187 463 1248 prae
492 1163 637 1249 physicis
666 1164 700 1230 hi
728 1168 832 1230 semet
858 1162 1060 1229 fastidiosius
1090 1164 1235 1247 efferant,

92 1274 211 1358 quippe
235 1279 329 1340 tanto
349 1296 423 1338 suas
442 1273 631 1358 disciplinas
650 1273 752 1357 pluris
771 1272 938 1356 facientes,
962 1276 1083 1355 quanto
1107 1270 1234 1355 corpori

92 1402 183 1445 mens
213 1383 246 1445 et
274 1381 401 1446 animus
429 1384 582 1465 praestet.
628 1380 746 1456 Qualia
768 1380 887 1445 iudicia
910 1380 991 1444 mihi
1015 1378 1143 1464 quidem
1166 1381 1234 1443 tam

92 1485 234 1571 insipide
262 1487 410 1554 videntur
437 1491 594 1572 tantaque
622 1509 692 1552 esse
725 1491 891 1571 tamquam
924 1486 1026 1571 pestis
1059 1484 1235 1568 doctrinae,

92 1599 129 1659 ut
157 1616 196 1660 ex
224 1595 324 1660 animi
352 1597 512 1660 sententia
539 1594 816 1680 perhorrescenda
843 1597 876 1659 et
903 1594 1034 1659 homine
1056 1593 1235 1659 liberaliter

91 1700 228 1767 educato
258 1725 389 1787 prorsus
417 1702 553 1787 indigna
581 1724 743 1785 censeam,
775 1705 872 1787 atque
900 1701 979 1766 adeo
1004 1701 1148 1766 omnium
1171 1700 1234 1783 pri·

94 1831 204 1893 mum,
220 1810 414 1895 simulatque
438 1810 476 1873 de
500 1809 631 1874 homine
654 1810 815 1891 litterato,
838 1830 933 1893 quem
956 1808 1098 1873 nondum
1121 1809 1236 1890 norim,

93 1915 216 1980 mentio
240 1914 360 1979 iniecta
384 1915 441 1997 sit,
470 1915 630 1981 sciscitari
652 1915 732 1980 illud
756 1915 892 1999 soleam,
915 1936 997 1999 quae
1020 1935 1118 1999 penes
1142 1914 1235 1978 illum

66 2082 67 2085 ,
94 2022 139 2086 sit
162 2025 349 2105 ceterarum,
372 2022 406 2086 in
430 2022 547 2106 quibus
566 2023 636 2107 ipse
656 2045 719 2087 non
740 2022 875 2105 habitet,
898 2023 1018 2087 artium
1038 2021 1235 2087 litterarum-

93 2152 154 2215 que
183 2128 395 2195 existimatio:
428 2153 493 2215 qua
520 2129 650 2216 quidem
677 2150 711 2192 re
740 2129 919 2194 certissime
947 2130 1094 2194 videmur
1127 2151 1236 2194 veram

94 2237 273 2303 doctrinam
297 2236 545 2322 politioremque
568 2236 807 2302 humanitatem
831 2258 969 2302 censere.
1001 2237 1075 2302 Non
1095 2237 1236 2322 impedio

94 2345 161 2410 ullo
186 2344 296 2428 modo,
320 2345 353 2409 id
376 2342 460 2429 quod
484 2344 549 2408 iam
574 2343 812 2428 significabam,
835 2344 1007 2429 quominus
1031 2365 1090 2408 sua
1113 2343 1237 2408 unicui-

94 2472 156 2537 que
184 2474 237 2516 ars
266 2473 341 2517 cara
364 2452 407 2517 sit
431 2453 559 2536 praeter
582 2454 718 2516 ceteras:
752 2458 785 2516 et
808 2456 858 2516 est
880 2452 975 2517 nobis
998 2450 1144 2536 profecto
1168 2455 1237 2516 tam

94 2580 169 2624 cara
196 2559 389 2644 philologia,
422 2563 459 2624 ut
486 2558 570 2623 nihil
599 2580 711 2643 supra;
745 2556 800 2623 sed
828 2561 862 2622 et
889 2562 998 2642 potest
1025 2561 1058 2622 et
1081 2557 1177 2623 debet
1199 2581 1237 2623 ea

94 2665 212 2730 caritas
235 2688 309 2731 eum
333 2688 371 2730 ea
393 2665 591 2731 liberalitate
616 2686 685 2729 esse
709 2665 896 2748 coniuncta,
919 2686 1001 2748 quae
1025 2665 1158 2729 meritos
1180 2664 1237 2729 ho·

94 2795 190 2837 nores
223 2773 338 2837 alienis
371 2772 488 2837 studiis
520 2773 644 2837 tribuat
673 2771 882 2855 omniumque
913 2770 1042 2836 demum
1074 2773 1237 2837 consocia-

95 2880 184 2944 tione
207 2878 304 2964 (quae
326 2878 360 2943 in
384 2901 482 2943 unum
507 2879 678 2944 mortalem
701 2854 885 2961 non'cadit,
908 2878 963 2942 sed
983 2881 1091 2943 mente
1110 2880 1238 2942 tantum

96 2990 129 3050 et
152 2986 349 3072 cogitatione
373 2983 669 3071 comprehenditur)
694 2985 726 3049 id
750 2985 835 3050 effici
858 2985 1042 3070 intellegat,
1064 2986 1150 3069 quod
1172 3007 1237 3051 non

94 3093 196 3158 nimio
224 3093 396 3158 intervallo
426 3092 467 3156 ab
495 3093 566 3177 ipsa
594 3092 725 3156 notione
756 3092 908 3156 scientiae
937 3096 970 3155 et
998 3091 1238 3178 intellegentiae

96 3201 203 3265 distet.
239 3200 328 3286 Ergo
351 3199 549 3264 detestamur
572 3205 605 3263 et
628 3198 854 3263 abominamur
878 3197 1068 3263 ambitiosas
1094 3199 1167 3264 illas
1191 3200 1238 3264 in-

96 3309 303 3393 solentesque
326 3307 560 3387 contentiones,
584 3304 700 3390 quibus
724 3305 762 3370 de
785 3306 968 3391 principatu
991 3305 1131 3390 quodam
1150 3307 1240 3373 velut

96 3415 304 3500 philosophia
336 3417 368 3480 et
398 3413 588 3498 disciplinae
618 3412 792 3478 historicae
825 3417 991 3478 certarunt
1022 3413 1240 3497 iniquissime:

96 3544 232 3606 quarum
263 3520 393 3606 quidem
424 3525 536 3585 mutua
564 3520 648 3585 ratio
675 3541 740 3583 nou
769 3524 820 3584 est
854 3519 931 3601 alia,
963 3519 1026 3583 nisi
1059 3521 1145 3604 quod
1178 3521 1239 3586 viis

97 3627 246 3711 diversis,
270 3628 326 3692 sed
349 3629 389 3692 iis
413 3650 513 3714 aeque
536 3626 743 3709 necessariis,
766 3626 806 3690 ad
830 3626 965 3691 eundem
989 3627 1086 3690 finem
1110 3632 1239 3692 conten·

96 3732 191 3816 dunt,
215 3734 270 3816 qui
295 3737 345 3798 est
367 3734 550 3799 inveniendi
574 3734 655 3798 veri:
687 3733 850 3817 ceteroqui
873 3754 914 3797 ne
938 3755 958 3795 a
979 3755 1088 3797 rerum
1111 3734 1241 3819 quidem

98 3841 298 3923 argumentis
321 3840 457 3906 diversis
481 3841 744 3925 proficiscuntur,
769 3839 823 3905 sed
847 3839 944 3904 iniis
967 3841 1089 3924 pariter
1111 3863 1239 3907 versan-

99 3949 161 4029 tur,
185 3968 268 4031 quae
292 3949 424 4014 omnino
449 3948 627 4034 cognitioni
652 3947 811 4013 humanae
835 3947 981 4012 subiecta
1004 3952 1140 4014 exstant.
1172 3947 1240 4015 Nee

97 4054 263 4140 theologia
286 4056 389 4122 sicubi
412 4056 629 4141 principatum
654 4056 811 4140 quendam
836 4056 976 4133 affectat,
999 4057 1105 4140 magis
1123 4056 1238 4122 tolera·
1253 4072 1288 4112 1x

98 4162 155 4227 bili
178 4163 267 4239 fastu
287 4163 369 4249 agit:
393 4163 472 4228 deus
492 4164 586 4246 enim,
609 4167 647 4227 ut
665 4162 776 4247 paucis
796 4163 1000 4246 complectar,
1024 4163 1057 4228 in
1077 4164 1240 4250 omnibus,

99 4273 131 4335 et
158 4269 341 4354 quaerimus
370 4269 464 4334 deum
493 4291 619 4334 omnes:
653 4269 693 4333 ad
721 4268 921 4355 eundemque
948 4271 1153 4356 perveniunt,
1186 4272 1241 4357 qui

100 4376 176 4443 dum
200 4378 232 4441 id
256 4360 371 4463 agunt,
394 4382 431 4442 ut
454 4400 560 4443 rerum
585 4378 778 4444 varietatem
802 4378 869 4441 sive
892 4377 1050 4443 historiae
1074 4377 1144 4443 luce
1168 4378 1242 4443 illu·

101 4485 237 4548 stratam
266 4485 333 4548 sive
362 4485 480 4550 mentis
509 4485 576 4550 acie
600 4485 803 4550 enucleatam
827 4484 935 4550 animo
959 4484 1242 4570 comprehendant,

698 4778 724 4821 Ι
