2940 5004
247 331 313 393 520
534 344 793 392 raoanconsss
818 345 866 390 os
890 344 1104 391 namonrsvs

248 490 313 554 nisi
328 490 515 573 scrupulum
531 489 633 553 nimia
647 488 845 553 solutionum
860 488 1035 552 multitudo
1054 489 1089 552 iu
1108 487 1293 552 bacchiaco
1312 510 1397 551 versu

249 597 370 661 iniciat
416 595 502 660 Nam
531 618 613 680 quae
637 595 847 679 praecedunt,
875 595 943 658 sire
973 595 1119 659 dimetris
1149 595 1307 659 discribis
1337 596 1397 658 sire

249 707 440 769 tetrametro
464 701 724 788 comprehendis:

316 864 476 948 Raptores
501 864 596 948 panis
620 865 653 927 et
675 863 765 948 pani:
789 864 828 928 fit
849 863 928 947 ipse,
951 863 1027 927 dum
1050 863 1117 928 illis
1142 863 1250 929 comis
1275 867 1340 946 est,

107 1042 246 1082 ccxcvm
262 1025 401 1089 iambica
423 1028 532 1088 tamen
556 1024 749 1108 manebunt,
772 1024 835 1089 uisi
857 1025 954 1108 longe
978 1023 1228 1088 violentissimis
1253 1024 1399 1088 mutatio·

248 1133 346 1197 nibus
374 1137 480 1197 utare:
509 1132 658 1216 proxima
681 1134 802 1214 autem,
832 1134 869 1195 ut
893 1132 1014 1215 scripta
1036 1137 1113 1196 sunt
1136 1132 1172 1194 in
1193 1131 1293 1195 libris
1318 1132 1400 1212 inops

249 1245 385 1315 amator,
414 1239 483 1304 sine
512 1238 648 1303 alicuius
677 1237 823 1323 syllabae
847 1238 1030 1303 accessione
1054 1237 1095 1301 ad
1118 1237 1290 1303 clausulae
1314 1243 1399 1302 natu·

251 1369 320 1410 ram
344 1346 476 1410 minimo
500 1350 578 1429 apta
601 1346 726 1432 sunt.*)

340 1451 600 1517 Concinnitatem
630 1456 738 1517 autem
767 1453 858 1517 illam
881 1452 957 1516 dum
982 1455 1102 1534 sector,
1131 1474 1232 1536 quam
1256 1454 1399 1518 metrica·

251 1582 322 1624 rum
351 1581 424 1624 cum
448 1556 670 1644 grammaticis
700 1558 879 1643 logicisque
902 1558 1043 1643 periodis
1067 1559 1287 1644 congruentia
1311 1561 1399 1644 pant

251 1667 375 1733 factum
407 1672 457 1731 est
489 1672 526 1732 ut
557 1688 623 1731 non
653 1688 718 1731 uno
748 1667 782 1731 in
811 1666 883 1731 loco
914 1666 1058 1731 continui
1089 1689 1245 1730 versuum
1276 1666 1399 1732 ordina

252 1776 363 1839 eodem
394 1779 497 1839 metro
531 1773 766 1838 decurrentium
796 1778 963 1858 tamquam
994 1795 1053 1838 sua
1080 1777 1199 1858 sponte
1232 1775 1398 1840 subnasce-

252 1887 377 1948 rcntur:
401 1882 487 1966 quod
507 1901 610 1964 genus
635 1879 878 1964 aequabilitatis
903 1886 1040 1965 apparet
1062 1885 1096 1945 et
1119 1882 1250 1965 gratiae
1274 1887 1310 1947 et
1331 1882 1398 1946 fidei

253 1991 428 2076 plurimum
455 1989 586 2054 habere.
631 1986 801 2052 Eiusmodi
830 1988 881 2052 illi
904 1992 981 2053 sunt
1003 1989 1044 2052 ab
1068 1989 1134 2052 244
1158 1988 1199 2052 ad
1225 1990 1303 2073 251,
1326 2012 1399 2074 quos

253 2099 287 2163 in
301 2097 482 2162 Elementis
498 2119 529 2179 p.
544 2096 609 2160 212
625 2095 710 2158 curis
729 2095 878 2159 secundis
898 2096 968 2178 ipse
983 2093 1191 2159 Hermannus
1212 2096 1253 2160 ad
1278 2096 1399 2182 elegan-

253 2204 415 2268 tissimam
439 2201 637 2288 parilitatem
665 2201 933 2265 accommodavit:
960 2200 1134 2285 eodemque
1161 2204 1260 2267 metri
1279 2225 1400 2289 genere,

254 2311 340 2396 qood
364 2310 491 2374 creticis
515 2309 717 2373 tetrametris
742 2309 939 2374 catalecticis
963 2308 1160 2391 continetur,
1189 2332 1252 2396 ego
1283 2312 1319 2376 in
1345 2312 1400 2375 fine

255 2418 372 2502 prioris
397 2437 532 2480 scaenae
563 2416 671 2479 decem
701 2437 813 2479 versus
845 2415 1015 2480 continuos
1044 2415 1196 2500 discripsi
1230 2440 1251 2481 a
1275 2417 1343 2482 266
1365 2416 1400 2481 ad

255 2523 387 2609 275**)‚
410 2526 483 2587 octo
507 2523 539 2586 in
564 2524 626 2586 fine
649 2522 840 2605 posterioris
864 2546 883 2588 a
907 2523 971 2587 293
996 2523 1036 2586 ad
1059 2522 1212 2609 300.***)
1261 2524 1355 2601 Quod
1377 2526 1401 2588 si

255 2632 325 2696 fieri
348 2653 412 2696 non
436 2631 545 2715 potuit
567 2630 646 2714 quin
670 2628 796 2714 aliquot
818 2630 897 2694 locis
922 2631 1069 2695 voculam
1089 2630 1233 2715 aliquam
1253 2633 1400 2698 adderem

256 2743 293 2805 ut
315 2738 523 2804 librariorum
547 2737 670 2801 incuria
700 2736 868 2801 omissam:
897 2736 1110 2820 reputandum
1140 2742 1191 2802 est
1219 2740 1277 2804 rix
1307 2741 1401 2805 ullum

257 2847 306 2910 rel
337 2846 447 2931 potius
477 2845 602 2908 nullum
633 2843 793 2908 canticum
825 2865 895 2909 esse
926 2843 1011 2928 quod
1041 2867 1106 2909 non
1136 2844 1200 2909 boc
1230 2847 1307 2931 ipso
1337 2848 1401 2911 vitii

255 2976 372 3041 genere
403 2953 471 3016 sive
501 2953 643 3033 graviter
674 2952 741 3015 sive
772 2951 878 3015 minus
909 2953 1052 3036 graviter
1084 2953 1221 3018 laboret.
1269 2953 1309 3017 In
1339 2954 1416 3018 Tri·

255 3083 387 3125 nummo
412 3065 521 3124 autem
546 3058 686 3143 augebat
710 3057 847 3121 addendi
872 3060 1116 3141 confidentiam,
1145 3061 1232 3143 quod
1257 3085 1403 3128 caussam

256 3169 444 3231 lacunarum
477 3166 607 3231 illarum
640 3165 715 3229 licet
745 3187 762 3228 s
792 3167 955 3230 communi
987 3166 1077 3234 fonte
1109 3167 1157 3230 ita
1189 3173 1339 3251 repetere
1371 3174 1404 3232 ut

256 3278 424 3356 tamquam
456 3273 488 3337 in
518 3273 628 3338 oculos
661 3273 813 3337 incurrat.
860 3273 928 3338 Nec
959 3274 1044 3337 enim
1075 3297 1150 3338 casu
1181 3275 1310 3340 factum
1339 3298 1405 3340 esse

258 3383 379 3466 potest,
411 3379 509 3463 quod,
541 3380 568 3443 si
598 3401 710 3443 versus
741 3381 805 3444 293
822 3402 889 3464 sqq.
920 3380 967 3444 sic
997 3381 1226 3464 perscripseris
1258 3387 1298 3447 ut
1328 3383 1406 3448 alter

258 3485 392 3570 quisque
419 3508 530 3567 versus
558 3508 625 3550 non
649 3486 828 3570 subiciatur
857 3487 958 3570 priori
986 3487 1040 3551 sed
1068 3488 1158 3551 iuxta
1185 3494 1346 3572 ponatur,
1377 3491 1406 3553 in

259 3593 386 3658 easdem
416 3594 467 3657 vel
497 3593 589 3657 valde
617 3594 814 3677 propinquas
839 3595 976 3678 paginae
1001 3598 1108 3677 partes
1132 3595 1272 3660 lacunae
1297 3619 1407 3662 omnes

365 3840 390 3908 ¹⁸)
414 3842 457 3911 [ln
481 3842 523 3896 ed.
548 3840 596 3894 alt.
622 3840 694 3894 hanc
719 3840 873 3894 clausulam
893 3841 1063 3896 Ritschelius
1083 3840 1230 3895 constituit
1249 3845 1409 3913 proximum

259 3947 369 3985 versum
392 3947 448 3985 non
471 3928 643 3996 bacchiacis,
666 3945 763 3982 verum
787 3928 937 3982 trochaicis
961 3928 1083 3983 numeris
1108 3930 1358 3999 comprohendens
1380 3938 1411 3989 ut

259 4038 284 4075 v.
304 4027 364 4074 aaa.
384 4026 444 4073 aaa.
464 4021 536 4087 aaa]

348 4108 389 4178 ”l
408 4111 449 4179 [ln
474 4109 516 4163 ed.
542 4108 590 4162 alt
615 4108 800 4162 Ambrosiano
823 4106 1000 4176 potissimum
1024 4108 1094 4162 duce
1121 4109 1213 4178 magis
1241 4112 1333 4168 etiam
1363 4115 1413 4168 im-

260 4198 350 4253 mistis
374 4197 551 4269 glossematis
579 4197 630 4252 hos
656 4215 751 4252 versus
777 4197 943 4266 depravatos
971 4214 1032 4252 esse
1057 4197 1227 4268 intellegens
1255 4202 1344 4257 aliter
1368 4221 1413 4259 cos

260 4287 429 4342 Ritschelius
448 4285 613 4355 constituit]

331 4376 389 4444 ***)
413 4377 456 4446 [ln
479 4376 522 4430 cd.
543 4376 591 4429 alt.
613 4392 662 4444 per
684 4377 757 4431 banc
780 4393 892 4445 quoque
915 4377 1024 4446 partem
1043 4376 1222 4446 glossematis
1242 4382 1414 4448 quibusdam

262 4463 384 4533 expulsis
404 4464 486 4519 aliter
505 4466 629 4534 systema
647 4464 849 4518 restituendum
868 4482 927 4519 esse
948 4464 1119 4519 Ritschslius
1138 4464 1307 4540 intellexit]
