2986 5010
454 364 719 412 nnnnnn‘rronrs
744 364 950 411 rnnvnrnnu.
1208 348 1274 411 475

125 507 231 572 nesim
269 511 455 591 persecutus
494 530 580 590 eum,
617 529 764 572 seorsum
796 506 937 590 proximi
968 512 1043 591 post
1077 507 1273 591 principium

127 613 219 699 pedis
242 614 457 698 oxytonesim.
491 613 611 690 Quodsi
636 613 930 698 utriusquepartis
956 613 1121 680 licentiam
1145 635 1272 679 omnem

126 721 225 786 etiam
256 721 288 784 in
319 743 384 787 uno
417 721 592 806 eodemque
622 743 717 786 versu
748 721 953 786 coniunctam
981 742 1052 785 esse
1081 721 1274 805 complexio·

127 850 269 913 numque
297 826 359 892 hec
382 827 435 892 uia
462 828 665 892 nascentium
688 849 789 913 prope
812 828 935 891 nullam
960 849 1031 891 esee
1055 827 1272 911 improbatum

6 987 12 995 .
127 934 247 1018 dixero,
270 935 386 1000 miram
410 938 600 1000 accentuum
624 934 825 1019 varietatem,
850 935 990 1020 quaein
1014 934 1154 1019 quinque
1179 937 1273 1019 sylla·

126 1041 176 1105 bis
210 1041 326 1125 primis
354 1041 609 1125 septenariorum
638 1046 768 1126 regnat,
804 1064 840 1105 ex
869 1064 933 1107 uno
963 1041 1052 1107 fonte
1076 1040 1272 1107 derivarem.

125 1147 211 1213 Nam
236 1148 321 1233 qnod
345 1148 426 1213 olibi
448 1170 513 1214 non
538 1148 690 1213 mediocri
711 1170 788 1213 cura
808 1170 878 1214 csse
897 1149 1034 1214 vitatum
1054 1147 1193 1213 uidimus
1213 1172 1272 1215 ncc

125 1253 188 1318 nisi
211 1255 309 1319 certis
333 1255 577 1321 condicionibus
601 1254 788 1340 admissum,
812 1257 848 1319 ut
871 1254 949 1320 bina
968 1277 1002 1320 ee
1022 1255 1181 1321 vocabula
1199 1280 1273 1340 oxy-

124 1365 202 1426 tona
225 1362 418 1447 exciperent,
442 1362 474 1425 id
498 1361 566 1427 illic
584 1365 636 1428 tot
654 1362 721 1427 fere
740 1362 845 1426 modis
863 1361 986 1428 fuctum
1006 1365 1064 1445 est,
1088 1367 1168 1447 quot
1186 1363 1272 1428 modi

126 1472 201 1532 sunt
225 1468 478 1553 copulandarum
506 1469 591 1534 inter
614 1491 648 1534 sc
672 1469 846 1534 latinarum
871 1489 1124 1554 graecorumque
1147 1469 1272 1534 littera-

127 1596 199 1639 rum
222 1576 361 1660 illarum,
385 1577 501 1662 quibus
520 1578 688 1662 utriusque
707 1577 811 1660 partis
831 1576 979 1661 singulas
997 1575 1121 1641 formas
1140 1576 1272 1660 pedicas

125 1681 334 1766 signavimus.
366 1682 440 1749 Nisi
461 1685 545 1769 qnod
565 1685 681 1750 ceteris
704 1683 844 1749 rariores
868 1705 924 1747 cae
947 1683 1072 1747 formae
1096 1687 1172 1748 sunt
1190 1705 1271 1766 quae

124 1788 192 1852 sive
216 1790 324 1872 priore
349 1791 416 1855 sive
441 1792 620 1875 posteriorc
651 1791 722 1856 loco
746 1789 956 1874 spondiacum
980 1790 1104 1854 habent
1127 1788 1175 1875 (B
1198 1791 1273 1854 eth

123 1918 195 1960 cum
220 1896 299 1961 cet
321 1919 345 1981 c,
368 1900 464 1982 atque
490 1896 531 1984 β),
554 1896 835 1982 frequentissimae
860 1918 942 1980 quae
966 1896 1141 1962 iambicum
1166 1893 1212 1981 (A
1235 1901 1268 1961 ct
1293 1952 1297 1960 ,

123 2023 144 2066 a
167 2008 264 2088 atque
287 2003 333 2090 α).
364 2004 416 2069 Ab
436 2026 457 2068 α
475 2008 513 2069 ut
530 2003 692 2089 incipiam,
715 2003 775 2068 Ac
794 2002 893 2068 habes
908 2001 1025 2068 Bacch.
1040 2002 1122 2068 1109
1139 2005 1270 2084 [1148]ε

212 2128 340 2213 hriece‘s
364 2148 471 2212 truces
495 2168 553 2212 noe
578 2146 698 2210 erimus
765 2197 1173 2210 .......

123 2310 171 2353 αα
193 2288 281 2354 Ῥτὶη.
305 2290 397 2356 1180.
426 2289 542 2354 Bacch.
562 2289 626 2353 348
652 2289 754 2369 [3801
781 2286 850 2353 Mil.
870 2288 927 2373 IV,
946 2290 975 2372 8,
994 2290 1051 2353 23:

211 2415 239 2495 0
262 2434 364 2515 patc'r,
387 2434 481 2514 patc'r
504 2431 563 2515 mi,
587 2430 676 2496 salue
697 2482 1171 2496 ........

216 2536 345 2615 Quibus
368 2543 460 2604 tuum
484 2540 609 2623 patrem
633 2559 748 2622 meque
771 2560 836 2603 une
901 2589 1174 2602 .....

213 2644 308 2710 Nihil
332 2648 450 2731 aquim
473 2647 590 2711 moror.
637 2644 725 2711 Gur?
747 2644 834 2711 Melo
901 2696 1174 2708 .....

124 2787 184 2851 Βα
207 2787 293 2854 Trin.
321 2788 418 2854 1082:
1271 2807 1384 2849 coxnrv

213 2912 353 3016 ringenh‘
373 2929 470 2996 minis
492 2931 672 2996 numeratis
698 2981 1173 2994 ........

124 3073 167 3137 bu
191 3072 278 3137 Trin.
304 3074 403 3138 1169:

213 3176 298 3256 Quid
321 3181 455 3265 quassas
479 3181 598 3264 cupiit?
634 3178 805 3244 Cruciatur
831 3231 1170 3243 ......

125 3343 166 3386 cc
188 3321 256 3391 Mil.
280 3322 336 3405 IV,
361 3324 390 3402 8,
413 3322 469 3386 67:

213 3446 263 3529 rid
287 3467 413 3530 umores
436 3466 525 3531 meos
549 3470 583 3531 ei
606 3465 692 3530 sensi
763 3515 1171 3530 .......

125 3605 184 3670 Dc
207 3605 417 3671 Tun-1134:

214 3746 352 3830 Ly‘eitcli
373 3749 503 3833 quide‘m
526 3749 688 3816 Philtonis
697 3799 1172 3814 ........

125 3892 172 3956 dc
195 3889 283 3955 Trin.
306 3891 380 3955 363.
404 3891 478 3955 903.
504 3892 602 3955 1124:

214 4014 300 4080 Nam
325 4013 456 4098 sapiens
480 4014 609 4098 quide'm
634 4017 689 4100 pol
712 4016 783 4101 ipse
832 4067 1172 4081 ......

214 4120 285 4197 Qut
308 4120 421 4186 faciest
443 4120 565 4186 homo?
608 4121 805 4207 Sesquipede
831 4173 1172 4186 ......

213 4228 285 4293 Hac
308 4227 418 4293 sonitu
441 4230 499 4293 sud
522 4230 646 4293 mereim
669 4228 771 4293 mihi.
832 4280 838 4292 .
1032 4281 1038 4293 .
1098 4281 1105 4293 .
1165 4281 1171 4292 .

126 4392 189 4454 qno
212 4392 305 4436 versu
329 4371 390 4436 etsi
414 4372 512 4437 tertia
539 4395 600 4437 vox
624 4376 767 4455 cxytona
790 4370 951 4457 sequitur,
982 4376 1092 4436 tamen
1114 4372 1266 4456 quoniam

126 4482 297 4562 utrumque
320 4498 379 4561 pro
403 4500 438 4543 se
461 4483 546 4544 recte
570 4501 603 4544 se
626 4478 757 4563 habuit,
784 4481 818 4543 et
839 4479 916 4543 Ηαό
935 4480 1038 4545 sonitui
1060 4482 1093 4543 et
1115 4477 1183 4545 Suo'
1204 4500 1268 4543 neo-
