2992 5004
235 318 301 384 304
524 338 786 394 Pnonneonaus
810 340 857 387 ns
882 338 1093 388 asrrorusvs

235 479 506 564 quemadmodum
530 483 689 567 quosdam
712 505 824 548 versus
844 480 1049 569 (versuumve
1069 479 1192 569 partes)
1212 486 1383 547 servarunt

236 587 268 651 in
292 586 326 651 Β
349 587 562 673 desideratos,
591 590 639 654 ita
662 590 790 655 circiter
818 590 937 676 viginti
960 591 995 655 Β
1019 591 1174 673 servavit,
1203 612 1284 674 quos
1307 589 1342 653 in
1365 611 1385 668 q

236 693 392 758 excidisse
411 693 558 759 codicum
579 696 642 762 OD
661 718 836 762 consensus
857 696 952 763 docet
971 697 1077 784 (velut
1096 698 1182 764 Trin.
1197 697 1272 763 322.
1286 693 1385 783 904):

177 872 180 878 ,
236 800 292 866 sed
315 803 352 865 ut
374 805 485 865 tamen
509 802 614 868 altera
633 827 671 868 ex
690 808 783 888 parte
801 804 900 868 etiam
919 805 955 868 in
974 803 1037 869 OD
1055 805 1257 889 reperiantur
1275 824 1386 886 quam-

236 931 335 994 quam
356 930 492 974 numero
521 911 629 996 pauci,
656 913 711 996 qui
735 935 754 976 a
776 911 811 976 Β
835 912 958 997 obsint,
985 912 1074 977 velut
1100 910 1321 978 Mostellariae
1345 907 1386 980 Vs

239 1019 266 1100 1,
292 1016 342 1082 10.
366 1016 406 1082 cf.
425 1015 514 1081 Trin.
536 1019 630 1084 1174.
668 1019 775 1105 Atque
798 1018 862 1084 hoc
886 1042 950 1086 uno
974 1019 1093 1085 indicio
1118 1020 1198 1085 satis
1221 1019 1287 1083 iam
1311 1039 1384 1082 oau-

235 1127 304 1187 tum
335 1144 405 1188 esse
434 1125 608 1208 existimo‚.
628 1147 669 1189 ne
697 1127 771 1210 quis
801 1126 865 1193 OD
893 1128 993 1193 libros
1022 1150 1060 1193 ex
1088 1127 1160 1210 ipso
1183 1126 1217 1191 Β
1239 1128 1385 1210 repetere

236 1231 380 1295 animum
409 1231 548 1298 inducat.
594 1231 709 1317 Neque
739 1238 859 1300 temere
888 1236 1062 1320 quicquam
1084 1237 1270 1318 propterea,
1298 1231 1384 1317 quod

236 1339 288 1403 vel
317 1340 352 1403 in
378 1338 412 1403 Β
440 1338 511 1405 solo
540 1340 591 1405 vel
620 1341 654 1404 in
683 1342 763 1407 solis
788 1341 851 1407 01)
879 1341 1013 1426 legitur,
1041 1341 1175 1407 calidius
1204 1340 1384 1425 putandum

234 1447 286 1510 est
317 1444 392 1509 fidei
425 1449 498 1509 aut
516 1446 588 1529 plus
622 1452 680 1512 aut
711 1449 817 1514 minus
850 1449 984 1514 habere:
1016 1449 1116 1513 immo
1144 1471 1183 1514 ex
1212 1447 1385 1514 coniuncta

236 1553 366 1617 demum
389 1551 504 1616 horum
527 1554 627 1618 trium
651 1557 795 1621 omnium
814 1556 971 1621 memoria
990 1556 1071 1621 illud
1091 1558 1275 1640 eruendum,
1299 1554 1384 1639 quod

237 1660 384 1724 videatur
397 1660 430 1723 iu
445 1661 609 1725 communi
623 1662 714 1728 fonte
729 1684 744 1728 ε
759 1663 932 1728 exstitisse.
956 1664 987 1728 A
1001 1664 1093 1729 cuius
1109 1667 1218 1729 tamen
1234 1662 1380 1746 exemplo

234 1766 331 1831 facile
356 1788 432 1831 sane
456 1769 637 1853 generatim
661 1769 816 1835 iudicanti
839 1773 932 1854 patet
954 1769 1052 1855 longe
1075 1771 1209 1855 propius
1227 1769 1262 1834 Β
1287 1791 1384 1853 quam

235 1874 299 1940 UD
329 1874 456 1958 abesse,
488 1875 544 1959 qui
575 1876 617 1940 ab
646 1877 705 1942 illo
736 1877 861 1941 minore
891 1877 1009 1940 aetatis
1038 1898 1135 1960 quam
1163 1875 1385 1959 praestantiae

234 1981 405 2047 intervallo
429 1981 559 2048 distent.
583 1981 705 2048 Verum
729 1983 793 2068 ipsi
807 1982 872 2048 01)
895 2005 959 2068 qua
984 1985 1126 2066 externa,
1149 1981 1260 2046 eadem
1283 1981 1383 2065 scrip·

235 2092 328 2153 turae
357 2110 485 2173 quoque
521 2090 733 2155 similitudine
761 2091 808 2156 ita
839 2090 1060 2175 continentur,
1091 2094 1129 2156 ut
1159 2091 1297 2154 alterum
1327 2089 1383 2173 qui

234 2197 268 2260 in
290 2198 444 2280 promptu
469 2194 603 2280 habeat,
631 2195 697 2261 fere
726 2196 797 2261 sine
825 2196 892 2262 ullo
916 2196 1121 2261 incommodo
1145 2218 1254 2262 carere
1278 2196 1382 2283 altero

234 2304 346 2388 possit.
383 2300 469 2366 Nam
487 2302 603 2368 horum
623 2305 751 2389 quidem
770 2305 869 2369 etiam
888 2305 1021 2389 propior
1039 2310 1089 2370 est
1112 2304 1265 2387 affinitas,
1284 2324 1382 2387 quam

235 2432 316 2494 quae
345 2411 431 2474 inter
460 2409 605 2476 BD1J
612 2416 629 2478 Ζ
664 2411 847 2476 intercedit:
887 2411 952 2476 nisi
981 2412 1067 2496 quod
1095 2415 1206 2476 tamen
1232 2414 1382 2479 neutmm

234 2539 272 2580 ex
296 2517 398 2582 altero
422 2515 619 2602 descriptum
644 2539 714 2583 esse
737 2521 862 2582 certum
886 2520 943 2581 est.
981 2515 1067 2581 Hinc
1090 2517 1192 2602 igitur
1215 2519 1265 2581 est
1288 2515 1383 2600 quod,

233 2647 306 2689 oum
336 2625 478 2690 breviter
509 2624 686 2709 loquimur,
715 2624 810 2688 fidem
841 2645 969 2689 omnem
1000 2623 1172 2689 Plautinae
1203 2624 1382 2708 scripturae

233 2737 319 2798 recte
343 2732 480 2797 dicimus
508 2732 546 2795 in
571 2731 822 2797 Ambrosiani
845 2731 1193 2816 Palatinorumque
1224 2730 1382 2796 memoria

233 2841 419 2905 consistere.
465 2836 617 2904 Ceterum
641 2861 660 2919 η
684 2861 758 2903 eum
780 2838 881 2904 fuisse
912 2837 1054 2904 codicem
1083 2842 1226 2923 oportet,
1253 2837 1288 2902 in
1315 2859 1380 2921 quo

138 2983 220 3024 mn
233 2949 374 3033 primum
403 2947 532 3013 sublata
558 2948 645 3012 iusta
673 2969 823 3012 versuum
847 2945 1055 3010 distinctione
1078 2948 1194 3030 poetae
1218 2944 1316 3010 verba
1340 2944 1381 3009 ad

233 3077 350 3140 prosae
383 3055 542 3122 orationis
575 3053 819 3119 similitudinem
848 3052 1078 3136 scriberentur,
1110 3050 1265 3136 quoniam
1298 3073 1381 3135 quae

234 3163 282 3226 ita
304 3185 390 3228 nova
412 3185 564 3227 versuum
586 3183 654 3227 non
678 3161 886 3226 metricorum
910 3159 1079 3244 discriptio
1104 3159 1234 3244 prodiit,
1256 3180 1296 3224 ee
1313 3183 1380 3225 non

233 3292 387 3354 umquam
412 3270 477 3335 alia
500 3271 533 3334 in
557 3267 585 3334 0
605 3271 703 3352 atque
727 3268 761 3331 in
785 3266 901 3350 Dect,
925 3289 1035 3332 verum
1060 3267 1239 3331 communis
1262 3266 1379 3331 utrius·

233 3400 303 3461 que.
348 3376 395 3441 Vt
417 3376 479 3442 hac
503 3397 630 3462 quoque
654 3374 689 3439 in
712 3377 802 3459 parte
825 3374 876 3438 illi
899 3396 919 3453 q
943 3373 1045 3439 codici
1068 3374 1206 3438 multum
1230 3376 1263 3438 et
1280 3374 1315 3439 Β
1338 3378 1380 3458 et,

233 3489 269 3549 ut
292 3488 543 3549 consentaneum
568 3486 619 3547 est
642 3481 779 3565 credere,
805 3481 836 3545 Τ
855 3484 1030 3567 praestent.

320 3591 360 3656 In
391 3590 565 3656 Germania
600 3592 709 3655 autem
740 3593 886 3654 servatae
916 3589 1112 3674 posteriores
1141 3588 1272 3653 fabulae
1304 3588 1380 3653 duo·

232 3698 335 3763 decim
358 3704 533 3784 postquam
557 3720 595 3762 ex
618 3697 788 3763 hominum
811 3696 1032 3761 litteratorum
1060 3718 1121 3761 usu
1149 3700 1182 3760 et
1209 3700 1380 3760 consuetu-

232 3805 306 3870 dine
330 3805 459 3890 elapsae
483 3828 541 3891 per
565 3806 691 3890 aliquot
713 3804 843 3869 saecula
861 3802 1069 3869 delituerant:
1093 3799 1184 3889 (nam
1204 3802 1304 3867 etiam
1323 3802 1379 3886 qui

232 3912 452 3978 ‘Thesaurum
480 3911 669 3978 latinitatis'
696 3911 789 3976 illum
818 3910 963 3976 condidit
991 3933 1008 3975 e
1036 3911 1156 3976 saeculi
1179 3909 1243 3974 XII
1270 3908 1379 3975 codice

232 4021 273 4085 ab
297 4021 426 4106 Angelo
449 4019 537 4086 Maio
561 4018 663 4085 Olass.
688 4023 770 4083 auct
794 4041 811 4083 e
835 4018 910 4083 Vat
934 4018 1002 4084 cod.
1026 4019 1073 4084 ed.
1096 4022 1187 4083 tomo
1206 4016 1287 4083 VIII
1311 4017 1379 4082 vul·

231 4131 358 4213 gatum,
384 4127 473 4206 solas
498 4132 570 4193 octo
593 4127 718 4212 priores
740 4125 925 4214 tractavit)
949 4125 1068 4190 saeculi
1090 4125 1153 4191 XV
1176 4126 1270 4190 initio
1294 4125 1379 4191 inter

230 4234 332 4299 Italos
356 4257 395 4299 ex
418 4257 483 4300 uno
502 4234 536 4299 D
554 4235 775 4318 innotuerunt,
799 4258 816 4299 e
840 4255 903 4318 quo
923 4237 1082 4318 quotquot
1101 4234 1231 4298 illorum
1250 4236 1380 4298 exstant

231 4341 299 4405 sive
323 4341 445 4426 scripta
472 4342 540 4408 sive
568 4342 728 4427 impressa
755 4340 953 4426 exemplaria
980 4345 1109 4425 praeter
1131 4340 1200 4406 ΒΟ
1219 4338 1379 4425 originem

232 4451 398 4512 traxerunt
431 4449 549 4513 omnia.
595 4448 659 4524 Qui
687 4470 759 4512 oum
788 4470 872 4513 omno
903 4463 1173 4514 cmccccxxvnn
1203 4448 1249 4512 uti
1278 4468 1380 4532 supra
