2986 5010
433 363 699 410 nnannnrronrs
723 364 935 410 ranvrmna.
1192 346 1258 409 425

203 507 296 583 Quod
318 506 384 573 tibi
407 507 498 591 labet,
526 507 558 571 id
587 507 631 571 mi
659 505 792 592 impera.
838 506 949 591 Tange
974 509 1063 571 aram
1086 506 1172 571 hanc
1195 505 1258 570 Vc-

858 616 953 679 neris.
990 611 1112 698 Tango.

114 760 218 836 Quare
243 783 263 825 a
285 764 390 824 metro
415 759 544 843 quidem
569 781 627 824 nec
647 758 846 824 Bacchidum
870 759 977 823 versui
996 756 1038 840 ll,
1057 758 1086 840 2,
1106 756 1146 822 51
1167 757 1258 821 litem

114 889 282 933 moverim:

202 1009 380 1094 Negotium
404 1010 443 1074 ad
468 1032 519 1074 me
542 1011 603 1075 hoc
628 1010 743 1075 attinet
764 1010 943 1075 aurariam:

114 1153 296 1218 Trinummi
320 1157 428 1217 autem
452 1176 480 1218 v.
504 1154 570 1219 330
594 1175 705 1217 verum
728 1176 797 1217 asse
821 1152 964 1217 iambum
988 1158 1050 1235 apat
1072 1153 1179 1217 credo:

205 1294 288 1372 Quid
313 1296 362 1360 is?
386 1296 522 1381 egetne‘?
564 1297 649 1379 Epe‘l.
692 1295 858 1361 Habuitne
881 1297 971 1359 rem?
1017 1294 1150 1360 Habuit.
1197 1296 1259 1372 Qui

859 1425 929 1467 eam
954 1403 1116 1486 pe'rdidit‘?

101 1548 203 1641 ¹Quae
227 1547 254 1611 si
277 1547 541 1631 probabilitatem
565 1548 701 1630 habent,
729 1547 825 1612 simul
849 1546 1051 1631 intellegitur
1078 1569 1144 1611 non
1172 1546 1258 1610 solli·

115 1654 279 1719 citandum
302 1654 402 1719 fuisse
425 1655 511 1719 Trin.
536 1655 615 1719 206:

204 1797 294 1874 Quod
318 1796 453 1882 quisque
477 1798 509 1862 in
534 1799 640 1862 animo
665 1799 759 1863 habe't
781 1803 837 1862 aut
859 1797 1054 1881 habiturdst,
1078 1799 1196 1863 sciunt:
1275 1819 1405 1858 ccxxxv

117 1942 168 2005 cui
187 1941 293 2005 versui
314 1962 377 2025 quo
396 1944 541 2024 tempore
560 1941 682 2006 inserto
701 1947 758 2005 aar
779 1942 1027 2025 succurrendum
1046 1941 1169 2025 putavi,
1193 1964 1260 2005 om-

114 2069 189 2111 nem
212 2047 318 2133 legem
342 2048 432 2113 illam
457 2048 600 2114 nondum
619 2047 939 2134 investigaveram.*)
973 2048 1130 2113 Dubitare
1149 2053 1259 2113 tamen

114 2177 210 2239 quam
234 2155 404 2239 quicquam
429 2157 642 2221 confidentius
661 2156 824 2221 affirmare
844 2156 882 2219 de
901 2157 1057 2240 producta
1079 2157 1134 2220 dot
1155 2157 1260 2221 forma

117 2262 308 2345 praestabit:
342 2263 433 2327 cuius
463 2264 524 2327 etsi
553 2286 653 2327 unum
683 2264 863 2347 exemplum
893 2264 967 2328 libri
996 2264 1078 2327 Rud.
1101 2262 1157 2346 lv,
1185 2263 1258 2345 1‚9

117 2368 281 2451 praebent,
304 2369 342 2433 de
366 2392 428 2454 quo
453 2369 486 2433 in
510 2369 660 2454 Parergis
686 2370 807 2434 dictum
831 2392 861 2453 p.
885 2370 959 2452 430,
983 2370 1128 2451 alterum,
1153 2371 1208 2435 sed
1227 2370 1259 2433 id

118 2497 183 2540 uon
206 2498 271 2541 uno
295 2476 424 2559 nomine
449 2476 649 2562 ambiguum,
671 2477 836 2561 prolatum
860 2481 910 2541 est
934 2499 950 2540 e
975 2476 1070 2541 Most.
1085 2476 1143 2560 Ill,
1161 2480 1188 2560 1,
1205 2478 1259 2541 72:

203 2617 360 2684 Mole'stus
384 2641 425 2684 ne
450 2619 508 2684 sis:
532 2622 626 2684 ne'mo
651 2621 719 2686 dat:
744 2641 803 2706 age
827 2620 912 2706 quod
936 2620 1039 2684 lubet:

117 2767 224 2827 tamen
250 2763 355 2827 brevis
379 2764 412 2826 in
436 2765 510 2827 darc
532 2766 642 2827 domna
665 2765 746 2827 datis
770 2764 890 2827 vocalis
914 2763 993 2827 facit
1016 2768 1052 2826 ut
1076 2768 1127 2827 sat
1150 2763 1260 2847 gravia

118 2870 288 2954 scrupulus
313 2871 420 2935 animo
444 2870 594 2955 insideat,
624 2893 819 2954 quamquam
844 2892 910 2933 non
933 2869 1071 2952 impedit
1097 2868 1156 2932 illa
1184 2890 1260 2933 sane

115 2977 286 3060 quominus
311 2982 344 3041 et
370 2979 426 3041 das
450 2983 482 3040 et
510 2979 559 3041 del
581 2976 819 3060 produceretur.
866 2975 928 3041 Sed
953 2998 1034 3059 quae
1058 2997 1099 3039 ne
1123 2975 1260 3041 rationis

116 3083 243 3168 quidem
261 3085 416 3163 societate
430 3083 498 3148 ulla
514 3105 587 3147 cum
602 3082 756 3166 exemplis
772 3082 875 3147 adbuc
890 3082 1040 3147 tractatis
1056 3084 1262 3147 continentur

115 3213 153 3255 ea
182 3189 249 3255 noli
280 3190 331 3253 vel
362 3189 530 3254 defendere
561 3189 612 3253 vel
644 3212 803 3254 excusare.
846 3191 961 3275 Apage
992 3190 1093 3274 igitur
1122 3192 1263 3255 creddidit

114 3298 232 3363 rrearbtl
257 3298 340 3361 aida
365 3298 499 3379 percipit
526 3297 633 3380 obrepat
667 3298 803 3361 seruabat
835 3300 867 3360 et
899 3297 926 3361 si
959 3320 1040 3383 quae
1075 3301 1151 3361 sunt
1174 3297 1261 3361 simi·

114 3403 224 3492 lia**).
260 3403 329 3469 Nec
353 3405 438 3469 enim
462 3405 576 3488 arsis,
600 3404 691 3475 cuius
715 3405 747 3468 in
767 3403 828 3468 bac
847 3387 1096 3469 caussa'iactari
1114 3408 1260 3488 potestas

115 3512 212 3595 solet,
240 3512 342 3576 ullam
366 3513 405 3577 ad
430 3513 670 3596 producendum
694 3512 758 3575 vim
783 3511 898 3578 habuit
920 3512 954 3576 in
978 3511 1140 3577 Plautinis
1164 3512 1261 3577 versi-

116 3619 176 3682 bus
208 3619 372 3702 velerique
401 3619 593 3684 Latinorum
624 3619 715 3703 poesi
746 3619 910 3702 universa,
942 3641 1002 3683 nec
1034 3619 1164 3683 omnino
1195 3617 1260 3682 tale

116 3724 193 3809 qnid
217 3748 372 3809 umquam
394 3725 459 3789 nisi
482 3724 528 3789 eis
553 3725 793 3791 condicionibus
812 3726 933 3791 factum
953 3732 1013 3810 est,
1036 3726 1151 3810 quibus
1171 3725 1261 3790 licuit

116 3840 149 3897 et
164 3833 343 3917 quamlibet
357 3833 487 3897 brevem
502 3833 663 3916 syllabam
678 3856 737 3917 pro
751 3834 852 3919 longa
866 3835 1060 3899 substituere
1077 3837 1110 3897 et
1123 3833 1262 3916 plerum-

207 4064 233 4129 *l
253 4062 345 4133 [Quod
359 4065 470 4132 quisque
484 4063 516 4116 in
529 4062 641 4116 aniraod
654 4063 732 4117 hobel
750 4068 800 4116 aut
818 4063 975 4117 babiturdst
987 4064 1078 4117 sciant
1091 4061 1263 4117 Ritschelius

115 4151 227 4221 scripsit
249 4150 279 4204 in
303 4151 344 4206 ed.
372 4151 421 4205 alt.
447 4150 491 4220 (cl.
516 4150 587 4206 Nor.
611 4167 668 4206 exc.
693 4150 784 4204 Plaut.
805 4150 817 4203 l
836 4169 862 4221 p.
884 4153 927 4218 73)
952 4152 1071 4206 addens:
1102 4151 1159 4205 ‘De
1181 4146 1262 4208 habet

116 4256 214 4295 vereor
238 4242 270 4294 ut
292 4242 367 4296 recta
387 4240 569 4312 cogitaverim
592 4240 702 4308 Proleg.
726 4257 752 4308 p.
776 4253 971 4307 ccxxxrvsq„
995 4240 1029 4293 de
1058 4239 1153 4308 aliqua
1171 4242 1260 4295 trans-

115 4329 255 4399 positione
280 4329 395 4385 minime
414 4347 512 4385 vereor
529 4346 563 4383 ne
583 4331 658 4383 recte
672 4328 841 4383 Fritzschius
859 4347 886 4398 p.
905 4335 928 4382 t.
944 4330 1037 4383 animo
1056 4335 1106 4383 cat
1123 4329 1203 4384 habet
1220 4346 1261 4384 re·

116 4420 228 4487 ceptum
247 4417 276 4471 in
294 4418 441 4487 proecdoai
458 4417 576 4488 probavi
594 4416 730 4473 Muellero
749 4417 783 4470 do
803 4433 875 4486 pros.
895 4436 921 4487 p.
942 4417 1010 4485 aa']

191 4507 233 4576 **)
254 4505 307 4578 [cf.
327 4509 413 4577 praef.
433 4507 532 4562 Pseud.
553 4525 579 4576 p.
599 4521 653 4561 xrv
673 4508 702 4561 et
721 4507 821 4576 Opuac.
840 4506 908 4576 phil.
929 4508 952 4562 ll
973 4525 999 4576 p.
1019 4507 1136 4579 641aq.]
